%YAML 1.1
%TAG !u! tag:unity3d.com,2011:
--- !u!29 &1
OcclusionCullingSettings:
  m_ObjectHideFlags: 0
  serializedVersion: 2
  m_OcclusionBakeSettings:
    smallestOccluder: 5
    smallestHole: 0.25
    backfaceThreshold: 100
  m_SceneGUID: 00000000000000000000000000000000
  m_OcclusionCullingData: {fileID: 0}
--- !u!104 &2
RenderSettings:
  m_ObjectHideFlags: 0
  serializedVersion: 9
  m_Fog: 0
  m_FogColor: {r: 0.5, g: 0.5, b: 0.5, a: 1}
  m_FogMode: 3
  m_FogDensity: 0.01
  m_LinearFogStart: 0
  m_LinearFogEnd: 300
  m_AmbientSkyColor: {r: 0.212, g: 0.227, b: 0.259, a: 1}
  m_AmbientEquatorColor: {r: 0.114, g: 0.125, b: 0.133, a: 1}
  m_AmbientGroundColor: {r: 0.047, g: 0.043, b: 0.035, a: 1}
  m_AmbientIntensity: 1
  m_AmbientMode: 0
  m_SubtractiveShadowColor: {r: 0.42, g: 0.478, b: 0.627, a: 1}
  m_SkyboxMaterial: {fileID: 10304, guid: 0000000000000000f000000000000000, type: 0}
  m_HaloStrength: 0.5
  m_FlareStrength: 1
  m_FlareFadeSpeed: 3
  m_HaloTexture: {fileID: 0}
  m_SpotCookie: {fileID: 10001, guid: 0000000000000000e000000000000000, type: 0}
  m_DefaultReflectionMode: 0
  m_DefaultReflectionResolution: 128
  m_ReflectionBounces: 1
  m_ReflectionIntensity: 1
  m_CustomReflection: {fileID: 0}
  m_Sun: {fileID: 705507994}
  m_IndirectSpecularColor: {r: 0.44657898, g: 0.4964133, b: 0.5748178, a: 1}
  m_UseRadianceAmbientProbe: 0
--- !u!157 &3
LightmapSettings:
  m_ObjectHideFlags: 0
  serializedVersion: 11
  m_GIWorkflowMode: 0
  m_GISettings:
    serializedVersion: 2
    m_BounceScale: 1
    m_IndirectOutputScale: 1
    m_AlbedoBoost: 1
    m_EnvironmentLightingMode: 0
    m_EnableBakedLightmaps: 1
    m_EnableRealtimeLightmaps: 1
  m_LightmapEditorSettings:
    serializedVersion: 12
    m_Resolution: 2
    m_BakeResolution: 40
    m_AtlasSize: 1024
    m_AO: 0
    m_AOMaxDistance: 1
    m_CompAOExponent: 1
    m_CompAOExponentDirect: 0
    m_ExtractAmbientOcclusion: 0
    m_Padding: 2
    m_LightmapParameters: {fileID: 0}
    m_LightmapsBakeMode: 1
    m_TextureCompression: 1
    m_FinalGather: 0
    m_FinalGatherFiltering: 1
    m_FinalGatherRayCount: 256
    m_ReflectionCompression: 2
    m_MixedBakeMode: 2
    m_BakeBackend: 1
    m_PVRSampling: 1
    m_PVRDirectSampleCount: 32
    m_PVRSampleCount: 500
    m_PVRBounces: 2
    m_PVREnvironmentSampleCount: 500
    m_PVREnvironmentReferencePointCount: 2048
    m_PVRFilteringMode: 2
    m_PVRDenoiserTypeDirect: 0
    m_PVRDenoiserTypeIndirect: 0
    m_PVRDenoiserTypeAO: 0
    m_PVRFilterTypeDirect: 0
    m_PVRFilterTypeIndirect: 0
    m_PVRFilterTypeAO: 0
    m_PVREnvironmentMIS: 0
    m_PVRCulling: 1
    m_PVRFilteringGaussRadiusDirect: 1
    m_PVRFilteringGaussRadiusIndirect: 5
    m_PVRFilteringGaussRadiusAO: 2
    m_PVRFilteringAtrousPositionSigmaDirect: 0.5
    m_PVRFilteringAtrousPositionSigmaIndirect: 2
    m_PVRFilteringAtrousPositionSigmaAO: 1
    m_ExportTrainingData: 0
    m_TrainingDataDestination: TrainingData
  m_LightingDataAsset: {fileID: 0}
  m_UseShadowmask: 1
--- !u!196 &4
NavMeshSettings:
  serializedVersion: 2
  m_ObjectHideFlags: 0
  m_BuildSettings:
    serializedVersion: 2
    agentTypeID: 0
    agentRadius: 0.5
    agentHeight: 2
    agentSlope: 45
    agentClimb: 0.4
    ledgeDropHeight: 0
    maxJumpAcrossDistance: 0
    minRegionArea: 2
    manualCellSize: 0
    cellSize: 0.16666667
    manualTileSize: 0
    tileSize: 256
    accuratePlacement: 0
    debug:
      m_Flags: 0
  m_NavMeshData: {fileID: 0}
--- !u!1001 &48110836
PrefabInstance:
  m_ObjectHideFlags: 0
  serializedVersion: 2
  m_Modification:
    m_TransformParent: {fileID: 219143825}
    m_Modifications:
    - target: {fileID: 1367622922749134959, guid: 4934bae7fb8289b4bab7882db0a4ac5f,
        type: 3}
      propertyPath: m_Name
      value: Obstacle (3)
      objectReference: {fileID: 0}
    - target: {fileID: 1367622922749134959, guid: 4934bae7fb8289b4bab7882db0a4ac5f,
        type: 3}
      propertyPath: m_TagString
      value: Enemy
      objectReference: {fileID: 0}
    - target: {fileID: 1367622922749134955, guid: 4934bae7fb8289b4bab7882db0a4ac5f,
        type: 3}
      propertyPath: m_LocalPosition.x
      value: -6.5
      objectReference: {fileID: 0}
    - target: {fileID: 1367622922749134955, guid: 4934bae7fb8289b4bab7882db0a4ac5f,
        type: 3}
      propertyPath: m_LocalPosition.y
      value: 28.5
      objectReference: {fileID: 0}
    - target: {fileID: 1367622922749134955, guid: 4934bae7fb8289b4bab7882db0a4ac5f,
        type: 3}
      propertyPath: m_LocalPosition.z
      value: 0.19999999
      objectReference: {fileID: 0}
    - target: {fileID: 1367622922749134955, guid: 4934bae7fb8289b4bab7882db0a4ac5f,
        type: 3}
      propertyPath: m_LocalRotation.x
      value: -0
      objectReference: {fileID: 0}
    - target: {fileID: 1367622922749134955, guid: 4934bae7fb8289b4bab7882db0a4ac5f,
        type: 3}
      propertyPath: m_LocalRotation.y
      value: -0
      objectReference: {fileID: 0}
    - target: {fileID: 1367622922749134955, guid: 4934bae7fb8289b4bab7882db0a4ac5f,
        type: 3}
      propertyPath: m_LocalRotation.z
      value: -0.69913137
      objectReference: {fileID: 0}
    - target: {fileID: 1367622922749134955, guid: 4934bae7fb8289b4bab7882db0a4ac5f,
        type: 3}
      propertyPath: m_LocalRotation.w
      value: 0.7149933
      objectReference: {fileID: 0}
    - target: {fileID: 1367622922749134955, guid: 4934bae7fb8289b4bab7882db0a4ac5f,
        type: 3}
      propertyPath: m_RootOrder
      value: 3
      objectReference: {fileID: 0}
    - target: {fileID: 1367622922749134955, guid: 4934bae7fb8289b4bab7882db0a4ac5f,
        type: 3}
      propertyPath: m_LocalEulerAnglesHint.x
      value: 0
      objectReference: {fileID: 0}
    - target: {fileID: 1367622922749134955, guid: 4934bae7fb8289b4bab7882db0a4ac5f,
        type: 3}
      propertyPath: m_LocalEulerAnglesHint.y
      value: 0
      objectReference: {fileID: 0}
    - target: {fileID: 1367622922749134955, guid: 4934bae7fb8289b4bab7882db0a4ac5f,
        type: 3}
      propertyPath: m_LocalEulerAnglesHint.z
      value: -88.715004
      objectReference: {fileID: 0}
    - target: {fileID: 1367622922749134955, guid: 4934bae7fb8289b4bab7882db0a4ac5f,
        type: 3}
      propertyPath: m_LocalScale.y
      value: 79.179825
      objectReference: {fileID: 0}
    - target: {fileID: 1367622922749134955, guid: 4934bae7fb8289b4bab7882db0a4ac5f,
        type: 3}
      propertyPath: m_LocalScale.x
      value: 1
      objectReference: {fileID: 0}
    - target: {fileID: 1367622922749134955, guid: 4934bae7fb8289b4bab7882db0a4ac5f,
        type: 3}
      propertyPath: m_LocalScale.z
      value: -29.148232
      objectReference: {fileID: 0}
    m_RemovedComponents: []
  m_SourcePrefab: {fileID: 100100000, guid: 4934bae7fb8289b4bab7882db0a4ac5f, type: 3}
--- !u!4 &48110837 stripped
Transform:
  m_CorrespondingSourceObject: {fileID: 1367622922749134955, guid: 4934bae7fb8289b4bab7882db0a4ac5f,
    type: 3}
  m_PrefabInstance: {fileID: 48110836}
  m_PrefabAsset: {fileID: 0}
--- !u!1001 &126851331
PrefabInstance:
  m_ObjectHideFlags: 0
  serializedVersion: 2
  m_Modification:
    m_TransformParent: {fileID: 0}
    m_Modifications:
    - target: {fileID: 114701358510936890, guid: 8891ee9595e1d054faaf6fa00bb915c6,
        type: 3}
      propertyPath: m_Name
      value: Rocket Ship
      objectReference: {fileID: 0}
    - target: {fileID: 114701358510936890, guid: 8891ee9595e1d054faaf6fa00bb915c6,
        type: 3}
      propertyPath: m_TagString
      value: Player
      objectReference: {fileID: 0}
    - target: {fileID: 114701358510936889, guid: 8891ee9595e1d054faaf6fa00bb915c6,
        type: 3}
      propertyPath: m_LocalPosition.x
      value: -24
      objectReference: {fileID: 0}
    - target: {fileID: 114701358510936889, guid: 8891ee9595e1d054faaf6fa00bb915c6,
        type: 3}
      propertyPath: m_LocalPosition.y
      value: 5.78
      objectReference: {fileID: 0}
    - target: {fileID: 114701358510936889, guid: 8891ee9595e1d054faaf6fa00bb915c6,
        type: 3}
      propertyPath: m_LocalPosition.z
      value: 0
      objectReference: {fileID: 0}
    - target: {fileID: 114701358510936889, guid: 8891ee9595e1d054faaf6fa00bb915c6,
        type: 3}
      propertyPath: m_LocalRotation.x
      value: -0
      objectReference: {fileID: 0}
    - target: {fileID: 114701358510936889, guid: 8891ee9595e1d054faaf6fa00bb915c6,
        type: 3}
      propertyPath: m_LocalRotation.y
      value: -0.026018651
      objectReference: {fileID: 0}
    - target: {fileID: 114701358510936889, guid: 8891ee9595e1d054faaf6fa00bb915c6,
        type: 3}
      propertyPath: m_LocalRotation.z
      value: -0
      objectReference: {fileID: 0}
    - target: {fileID: 114701358510936889, guid: 8891ee9595e1d054faaf6fa00bb915c6,
        type: 3}
      propertyPath: m_LocalRotation.w
      value: 0.99966145
      objectReference: {fileID: 0}
    - target: {fileID: 114701358510936889, guid: 8891ee9595e1d054faaf6fa00bb915c6,
        type: 3}
      propertyPath: m_RootOrder
      value: 4
      objectReference: {fileID: 0}
    - target: {fileID: 114701358510936889, guid: 8891ee9595e1d054faaf6fa00bb915c6,
        type: 3}
      propertyPath: m_LocalEulerAnglesHint.x
      value: 0
      objectReference: {fileID: 0}
    - target: {fileID: 114701358510936889, guid: 8891ee9595e1d054faaf6fa00bb915c6,
        type: 3}
      propertyPath: m_LocalEulerAnglesHint.y
      value: -2.982
      objectReference: {fileID: 0}
    - target: {fileID: 114701358510936889, guid: 8891ee9595e1d054faaf6fa00bb915c6,
        type: 3}
      propertyPath: m_LocalEulerAnglesHint.z
      value: 0
      objectReference: {fileID: 0}
    - target: {fileID: 4940883518695232, guid: 8891ee9595e1d054faaf6fa00bb915c6, type: 3}
      propertyPath: m_LocalRotation.x
      value: 0
      objectReference: {fileID: 0}
    - target: {fileID: 4940883518695232, guid: 8891ee9595e1d054faaf6fa00bb915c6, type: 3}
      propertyPath: m_LocalRotation.y
      value: 0
      objectReference: {fileID: 0}
    - target: {fileID: 4940883518695232, guid: 8891ee9595e1d054faaf6fa00bb915c6, type: 3}
      propertyPath: m_LocalRotation.z
      value: 0
      objectReference: {fileID: 0}
    - target: {fileID: 4940883518695232, guid: 8891ee9595e1d054faaf6fa00bb915c6, type: 3}
      propertyPath: m_LocalRotation.w
      value: 1
      objectReference: {fileID: 0}
    - target: {fileID: 4940883518695232, guid: 8891ee9595e1d054faaf6fa00bb915c6, type: 3}
      propertyPath: m_LocalPosition.y
      value: 0
      objectReference: {fileID: 0}
    - target: {fileID: 4940883518695232, guid: 8891ee9595e1d054faaf6fa00bb915c6, type: 3}
      propertyPath: m_LocalPosition.z
      value: 0
      objectReference: {fileID: 0}
    - target: {fileID: 4940883518695232, guid: 8891ee9595e1d054faaf6fa00bb915c6, type: 3}
      propertyPath: m_LocalEulerAnglesHint.x
      value: 0
      objectReference: {fileID: 0}
    - target: {fileID: 4940883518695232, guid: 8891ee9595e1d054faaf6fa00bb915c6, type: 3}
      propertyPath: m_LocalEulerAnglesHint.y
      value: 0
      objectReference: {fileID: 0}
    - target: {fileID: 4940883518695232, guid: 8891ee9595e1d054faaf6fa00bb915c6, type: 3}
      propertyPath: m_LocalEulerAnglesHint.z
      value: 0
      objectReference: {fileID: 0}
    - target: {fileID: 4100701110822185, guid: 8891ee9595e1d054faaf6fa00bb915c6, type: 3}
      propertyPath: m_LocalRotation.x
      value: 0
      objectReference: {fileID: 0}
    - target: {fileID: 4100701110822185, guid: 8891ee9595e1d054faaf6fa00bb915c6, type: 3}
      propertyPath: m_LocalRotation.w
      value: 1
      objectReference: {fileID: 0}
    - target: {fileID: 4100701110822185, guid: 8891ee9595e1d054faaf6fa00bb915c6, type: 3}
      propertyPath: m_LocalPosition.x
      value: 0
      objectReference: {fileID: 0}
    - target: {fileID: 4100701110822185, guid: 8891ee9595e1d054faaf6fa00bb915c6, type: 3}
      propertyPath: m_LocalPosition.y
      value: 0
      objectReference: {fileID: 0}
    - target: {fileID: 4100701110822185, guid: 8891ee9595e1d054faaf6fa00bb915c6, type: 3}
      propertyPath: m_LocalPosition.z
      value: 0
      objectReference: {fileID: 0}
    - target: {fileID: 4100701110822185, guid: 8891ee9595e1d054faaf6fa00bb915c6, type: 3}
      propertyPath: m_LocalEulerAnglesHint.x
      value: 0
      objectReference: {fileID: 0}
    - target: {fileID: 126851334, guid: 8891ee9595e1d054faaf6fa00bb915c6, type: 3}
      propertyPath: m_Enabled
      value: 0
      objectReference: {fileID: 0}
    m_RemovedComponents: []
  m_SourcePrefab: {fileID: 100100000, guid: 8891ee9595e1d054faaf6fa00bb915c6, type: 3}
--- !u!1 &219143824
GameObject:
  m_ObjectHideFlags: 0
  m_CorrespondingSourceObject: {fileID: 0}
  m_PrefabInstance: {fileID: 0}
  m_PrefabAsset: {fileID: 0}
  serializedVersion: 6
  m_Component:
  - component: {fileID: 219143825}
  m_Layer: 0
  m_Name: Terrain Obstacles
  m_TagString: Enemy
  m_Icon: {fileID: 0}
  m_NavMeshLayer: 0
  m_StaticEditorFlags: 0
  m_IsActive: 1
--- !u!4 &219143825
Transform:
  m_ObjectHideFlags: 0
  m_CorrespondingSourceObject: {fileID: 0}
  m_PrefabInstance: {fileID: 0}
  m_PrefabAsset: {fileID: 0}
  m_GameObject: {fileID: 219143824}
  m_LocalRotation: {x: 0, y: 0, z: 0, w: 1}
  m_LocalPosition: {x: 10.349795, y: 8.956809, z: -0.484375}
  m_LocalScale: {x: 1, y: 1, z: 1}
  m_Children:
  - {fileID: 1367622921364616725}
  - {fileID: 1508534822}
  - {fileID: 1238250315}
  - {fileID: 48110837}
  - {fileID: 1409269655}
  - {fileID: 296926853}
  - {fileID: 1622936543}
  - {fileID: 2059143342}
  - {fileID: 850595893}
  - {fileID: 1312861513}
  - {fileID: 1798124778}
  - {fileID: 1652246436}
  - {fileID: 1055857103}
  - {fileID: 1105384825}
  - {fileID: 1592840525}
  - {fileID: 877324560}
  m_Father: {fileID: 0}
  m_RootOrder: 7
  m_LocalEulerAnglesHint: {x: 0, y: 0, z: 0}
--- !u!4 &296926853 stripped
Transform:
  m_CorrespondingSourceObject: {fileID: 1367622922749134955, guid: 4934bae7fb8289b4bab7882db0a4ac5f,
    type: 3}
  m_PrefabInstance: {fileID: 1229046738}
  m_PrefabAsset: {fileID: 0}
--- !u!1001 &700744827
PrefabInstance:
  m_ObjectHideFlags: 0
  serializedVersion: 2
  m_Modification:
    m_TransformParent: {fileID: 219143825}
    m_Modifications:
    - target: {fileID: 1367622922749134959, guid: 4934bae7fb8289b4bab7882db0a4ac5f,
        type: 3}
      propertyPath: m_Name
      value: Obstacle (6)
      objectReference: {fileID: 0}
    - target: {fileID: 1367622922749134959, guid: 4934bae7fb8289b4bab7882db0a4ac5f,
        type: 3}
      propertyPath: m_TagString
      value: Enemy
      objectReference: {fileID: 0}
    - target: {fileID: 1367622922749134955, guid: 4934bae7fb8289b4bab7882db0a4ac5f,
        type: 3}
      propertyPath: m_LocalPosition.x
      value: -38.07
      objectReference: {fileID: 0}
    - target: {fileID: 1367622922749134955, guid: 4934bae7fb8289b4bab7882db0a4ac5f,
        type: 3}
      propertyPath: m_LocalPosition.y
      value: 16
      objectReference: {fileID: 0}
    - target: {fileID: 1367622922749134955, guid: 4934bae7fb8289b4bab7882db0a4ac5f,
        type: 3}
      propertyPath: m_LocalPosition.z
      value: -7.4
      objectReference: {fileID: 0}
    - target: {fileID: 1367622922749134955, guid: 4934bae7fb8289b4bab7882db0a4ac5f,
        type: 3}
      propertyPath: m_LocalRotation.x
      value: -0
      objectReference: {fileID: 0}
    - target: {fileID: 1367622922749134955, guid: 4934bae7fb8289b4bab7882db0a4ac5f,
        type: 3}
      propertyPath: m_LocalRotation.y
      value: -0
      objectReference: {fileID: 0}
    - target: {fileID: 1367622922749134955, guid: 4934bae7fb8289b4bab7882db0a4ac5f,
        type: 3}
      propertyPath: m_LocalRotation.z
      value: 0.5871439
      objectReference: {fileID: 0}
    - target: {fileID: 1367622922749134955, guid: 4934bae7fb8289b4bab7882db0a4ac5f,
        type: 3}
      propertyPath: m_LocalRotation.w
      value: 0.8094826
      objectReference: {fileID: 0}
    - target: {fileID: 1367622922749134955, guid: 4934bae7fb8289b4bab7882db0a4ac5f,
        type: 3}
      propertyPath: m_RootOrder
      value: 6
      objectReference: {fileID: 0}
    - target: {fileID: 1367622922749134955, guid: 4934bae7fb8289b4bab7882db0a4ac5f,
        type: 3}
      propertyPath: m_LocalEulerAnglesHint.x
      value: 0
      objectReference: {fileID: 0}
    - target: {fileID: 1367622922749134955, guid: 4934bae7fb8289b4bab7882db0a4ac5f,
        type: 3}
      propertyPath: m_LocalEulerAnglesHint.y
      value: 0
      objectReference: {fileID: 0}
    - target: {fileID: 1367622922749134955, guid: 4934bae7fb8289b4bab7882db0a4ac5f,
        type: 3}
      propertyPath: m_LocalEulerAnglesHint.z
      value: 71.909004
      objectReference: {fileID: 0}
    - target: {fileID: 1367622922749134955, guid: 4934bae7fb8289b4bab7882db0a4ac5f,
        type: 3}
      propertyPath: m_LocalScale.y
      value: 14.861879
      objectReference: {fileID: 0}
    - target: {fileID: 1367622922749134955, guid: 4934bae7fb8289b4bab7882db0a4ac5f,
        type: 3}
      propertyPath: m_LocalScale.z
      value: 12.628
      objectReference: {fileID: 0}
    - target: {fileID: 1367622922749134955, guid: 4934bae7fb8289b4bab7882db0a4ac5f,
        type: 3}
      propertyPath: m_LocalScale.x
      value: 2.5
      objectReference: {fileID: 0}
    m_RemovedComponents: []
  m_SourcePrefab: {fileID: 100100000, guid: 4934bae7fb8289b4bab7882db0a4ac5f, type: 3}
--- !u!108 &705507994 stripped
Light:
  m_CorrespondingSourceObject: {fileID: 2448235726604241520, guid: a89222e9e90135c458916d2bb35119f6,
    type: 3}
  m_PrefabInstance: {fileID: 2448235726973155562}
  m_PrefabAsset: {fileID: 0}
--- !u!1001 &850595892
PrefabInstance:
  m_ObjectHideFlags: 0
  serializedVersion: 2
  m_Modification:
    m_TransformParent: {fileID: 219143825}
    m_Modifications:
    - target: {fileID: 1367622922749134959, guid: 4934bae7fb8289b4bab7882db0a4ac5f,
        type: 3}
      propertyPath: m_Name
      value: Obstacle (8)
      objectReference: {fileID: 0}
    - target: {fileID: 1367622922749134959, guid: 4934bae7fb8289b4bab7882db0a4ac5f,
        type: 3}
      propertyPath: m_TagString
      value: Enemy
      objectReference: {fileID: 0}
    - target: {fileID: 1367622922749134955, guid: 4934bae7fb8289b4bab7882db0a4ac5f,
        type: 3}
      propertyPath: m_LocalPosition.x
      value: -44.3
      objectReference: {fileID: 0}
    - target: {fileID: 1367622922749134955, guid: 4934bae7fb8289b4bab7882db0a4ac5f,
        type: 3}
      propertyPath: m_LocalPosition.y
      value: -2.5
      objectReference: {fileID: 0}
    - target: {fileID: 1367622922749134955, guid: 4934bae7fb8289b4bab7882db0a4ac5f,
        type: 3}
      propertyPath: m_LocalPosition.z
      value: 0.47
      objectReference: {fileID: 0}
    - target: {fileID: 1367622922749134955, guid: 4934bae7fb8289b4bab7882db0a4ac5f,
        type: 3}
      propertyPath: m_LocalRotation.x
      value: -0
      objectReference: {fileID: 0}
    - target: {fileID: 1367622922749134955, guid: 4934bae7fb8289b4bab7882db0a4ac5f,
        type: 3}
      propertyPath: m_LocalRotation.y
      value: -0
      objectReference: {fileID: 0}
    - target: {fileID: 1367622922749134955, guid: 4934bae7fb8289b4bab7882db0a4ac5f,
        type: 3}
      propertyPath: m_LocalRotation.z
      value: 0.13273887
      objectReference: {fileID: 0}
    - target: {fileID: 1367622922749134955, guid: 4934bae7fb8289b4bab7882db0a4ac5f,
        type: 3}
      propertyPath: m_LocalRotation.w
      value: 0.99115103
      objectReference: {fileID: 0}
    - target: {fileID: 1367622922749134955, guid: 4934bae7fb8289b4bab7882db0a4ac5f,
        type: 3}
      propertyPath: m_RootOrder
      value: 8
      objectReference: {fileID: 0}
    - target: {fileID: 1367622922749134955, guid: 4934bae7fb8289b4bab7882db0a4ac5f,
        type: 3}
      propertyPath: m_LocalEulerAnglesHint.x
      value: 0
      objectReference: {fileID: 0}
    - target: {fileID: 1367622922749134955, guid: 4934bae7fb8289b4bab7882db0a4ac5f,
        type: 3}
      propertyPath: m_LocalEulerAnglesHint.y
      value: 0
      objectReference: {fileID: 0}
    - target: {fileID: 1367622922749134955, guid: 4934bae7fb8289b4bab7882db0a4ac5f,
        type: 3}
      propertyPath: m_LocalEulerAnglesHint.z
      value: 15.2560005
      objectReference: {fileID: 0}
    - target: {fileID: 1367622922749134955, guid: 4934bae7fb8289b4bab7882db0a4ac5f,
        type: 3}
      propertyPath: m_LocalScale.y
      value: 24.398748
      objectReference: {fileID: 0}
    - target: {fileID: 1367622922749134955, guid: 4934bae7fb8289b4bab7882db0a4ac5f,
        type: 3}
      propertyPath: m_LocalScale.z
      value: 12.628
      objectReference: {fileID: 0}
    - target: {fileID: 1367622922749134955, guid: 4934bae7fb8289b4bab7882db0a4ac5f,
        type: 3}
      propertyPath: m_LocalScale.x
      value: 12.089479
      objectReference: {fileID: 0}
    m_RemovedComponents: []
  m_SourcePrefab: {fileID: 100100000, guid: 4934bae7fb8289b4bab7882db0a4ac5f, type: 3}
--- !u!4 &850595893 stripped
Transform:
  m_CorrespondingSourceObject: {fileID: 1367622922749134955, guid: 4934bae7fb8289b4bab7882db0a4ac5f,
    type: 3}
  m_PrefabInstance: {fileID: 850595892}
  m_PrefabAsset: {fileID: 0}
--- !u!1001 &877324559
PrefabInstance:
  m_ObjectHideFlags: 0
  serializedVersion: 2
  m_Modification:
    m_TransformParent: {fileID: 219143825}
    m_Modifications:
    - target: {fileID: 1367622922749134959, guid: 4934bae7fb8289b4bab7882db0a4ac5f,
        type: 3}
      propertyPath: m_Name
      value: Obstacle (16)
      objectReference: {fileID: 0}
    - target: {fileID: 1367622922749134959, guid: 4934bae7fb8289b4bab7882db0a4ac5f,
        type: 3}
      propertyPath: m_TagString
      value: Enemy
      objectReference: {fileID: 0}
    - target: {fileID: 1367622922749134955, guid: 4934bae7fb8289b4bab7882db0a4ac5f,
        type: 3}
      propertyPath: m_LocalPosition.x
      value: 23.3
      objectReference: {fileID: 0}
    - target: {fileID: 1367622922749134955, guid: 4934bae7fb8289b4bab7882db0a4ac5f,
        type: 3}
      propertyPath: m_LocalPosition.y
      value: 21.4
      objectReference: {fileID: 0}
    - target: {fileID: 1367622922749134955, guid: 4934bae7fb8289b4bab7882db0a4ac5f,
        type: 3}
      propertyPath: m_LocalPosition.z
      value: 13.4
      objectReference: {fileID: 0}
    - target: {fileID: 1367622922749134955, guid: 4934bae7fb8289b4bab7882db0a4ac5f,
        type: 3}
      propertyPath: m_LocalRotation.x
      value: -0.43365428
      objectReference: {fileID: 0}
    - target: {fileID: 1367622922749134955, guid: 4934bae7fb8289b4bab7882db0a4ac5f,
        type: 3}
      propertyPath: m_LocalRotation.y
      value: 0.78338695
      objectReference: {fileID: 0}
    - target: {fileID: 1367622922749134955, guid: 4934bae7fb8289b4bab7882db0a4ac5f,
        type: 3}
      propertyPath: m_LocalRotation.z
      value: 0.43013164
      objectReference: {fileID: 0}
    - target: {fileID: 1367622922749134955, guid: 4934bae7fb8289b4bab7882db0a4ac5f,
        type: 3}
      propertyPath: m_LocalRotation.w
      value: 0.11504681
      objectReference: {fileID: 0}
    - target: {fileID: 1367622922749134955, guid: 4934bae7fb8289b4bab7882db0a4ac5f,
        type: 3}
      propertyPath: m_RootOrder
      value: 15
      objectReference: {fileID: 0}
    - target: {fileID: 1367622922749134955, guid: 4934bae7fb8289b4bab7882db0a4ac5f,
        type: 3}
      propertyPath: m_LocalEulerAnglesHint.x
      value: -50.687004
      objectReference: {fileID: 0}
    - target: {fileID: 1367622922749134955, guid: 4934bae7fb8289b4bab7882db0a4ac5f,
        type: 3}
      propertyPath: m_LocalEulerAnglesHint.y
      value: 197.717
      objectReference: {fileID: 0}
    - target: {fileID: 1367622922749134955, guid: 4934bae7fb8289b4bab7882db0a4ac5f,
        type: 3}
      propertyPath: m_LocalEulerAnglesHint.z
      value: -66.378006
      objectReference: {fileID: 0}
    - target: {fileID: 1367622922749134955, guid: 4934bae7fb8289b4bab7882db0a4ac5f,
        type: 3}
      propertyPath: m_LocalScale.y
      value: 21.334229
      objectReference: {fileID: 0}
    - target: {fileID: 1367622922749134955, guid: 4934bae7fb8289b4bab7882db0a4ac5f,
        type: 3}
      propertyPath: m_LocalScale.z
      value: 18.127495
      objectReference: {fileID: 0}
    - target: {fileID: 1367622922749134955, guid: 4934bae7fb8289b4bab7882db0a4ac5f,
        type: 3}
      propertyPath: m_LocalScale.x
      value: 7.12827
      objectReference: {fileID: 0}
    m_RemovedComponents: []
  m_SourcePrefab: {fileID: 100100000, guid: 4934bae7fb8289b4bab7882db0a4ac5f, type: 3}
--- !u!4 &877324560 stripped
Transform:
  m_CorrespondingSourceObject: {fileID: 1367622922749134955, guid: 4934bae7fb8289b4bab7882db0a4ac5f,
    type: 3}
  m_PrefabInstance: {fileID: 877324559}
  m_PrefabAsset: {fileID: 0}
--- !u!1001 &1055857102
PrefabInstance:
  m_ObjectHideFlags: 0
  serializedVersion: 2
  m_Modification:
    m_TransformParent: {fileID: 219143825}
    m_Modifications:
    - target: {fileID: 1367622922749134959, guid: 4934bae7fb8289b4bab7882db0a4ac5f,
        type: 3}
      propertyPath: m_Name
      value: Obstacle (12)
      objectReference: {fileID: 0}
    - target: {fileID: 1367622922749134959, guid: 4934bae7fb8289b4bab7882db0a4ac5f,
        type: 3}
      propertyPath: m_TagString
      value: Enemy
      objectReference: {fileID: 0}
    - target: {fileID: 1367622922749134955, guid: 4934bae7fb8289b4bab7882db0a4ac5f,
        type: 3}
      propertyPath: m_LocalPosition.x
      value: 11.68
      objectReference: {fileID: 0}
    - target: {fileID: 1367622922749134955, guid: 4934bae7fb8289b4bab7882db0a4ac5f,
        type: 3}
      propertyPath: m_LocalPosition.y
      value: -8.5
      objectReference: {fileID: 0}
    - target: {fileID: 1367622922749134955, guid: 4934bae7fb8289b4bab7882db0a4ac5f,
        type: 3}
      propertyPath: m_LocalPosition.z
      value: 0.484375
      objectReference: {fileID: 0}
    - target: {fileID: 1367622922749134955, guid: 4934bae7fb8289b4bab7882db0a4ac5f,
        type: 3}
      propertyPath: m_LocalRotation.x
      value: -0
      objectReference: {fileID: 0}
    - target: {fileID: 1367622922749134955, guid: 4934bae7fb8289b4bab7882db0a4ac5f,
        type: 3}
      propertyPath: m_LocalRotation.y
      value: -0
      objectReference: {fileID: 0}
    - target: {fileID: 1367622922749134955, guid: 4934bae7fb8289b4bab7882db0a4ac5f,
        type: 3}
      propertyPath: m_LocalRotation.z
      value: 0.31984726
      objectReference: {fileID: 0}
    - target: {fileID: 1367622922749134955, guid: 4934bae7fb8289b4bab7882db0a4ac5f,
        type: 3}
      propertyPath: m_LocalRotation.w
      value: 0.9474692
      objectReference: {fileID: 0}
    - target: {fileID: 1367622922749134955, guid: 4934bae7fb8289b4bab7882db0a4ac5f,
        type: 3}
      propertyPath: m_RootOrder
      value: 12
      objectReference: {fileID: 0}
    - target: {fileID: 1367622922749134955, guid: 4934bae7fb8289b4bab7882db0a4ac5f,
        type: 3}
      propertyPath: m_LocalEulerAnglesHint.x
      value: 0
      objectReference: {fileID: 0}
    - target: {fileID: 1367622922749134955, guid: 4934bae7fb8289b4bab7882db0a4ac5f,
        type: 3}
      propertyPath: m_LocalEulerAnglesHint.y
      value: 0
      objectReference: {fileID: 0}
    - target: {fileID: 1367622922749134955, guid: 4934bae7fb8289b4bab7882db0a4ac5f,
        type: 3}
      propertyPath: m_LocalEulerAnglesHint.z
      value: 37.307003
      objectReference: {fileID: 0}
    - target: {fileID: 1367622922749134955, guid: 4934bae7fb8289b4bab7882db0a4ac5f,
        type: 3}
      propertyPath: m_LocalScale.y
      value: 6.959086
      objectReference: {fileID: 0}
    - target: {fileID: 1367622922749134955, guid: 4934bae7fb8289b4bab7882db0a4ac5f,
        type: 3}
      propertyPath: m_LocalScale.z
      value: 13.0904
      objectReference: {fileID: 0}
    - target: {fileID: 1367622922749134955, guid: 4934bae7fb8289b4bab7882db0a4ac5f,
        type: 3}
      propertyPath: m_LocalScale.x
      value: 7.447388
      objectReference: {fileID: 0}
    m_RemovedComponents: []
  m_SourcePrefab: {fileID: 100100000, guid: 4934bae7fb8289b4bab7882db0a4ac5f, type: 3}
--- !u!4 &1055857103 stripped
Transform:
  m_CorrespondingSourceObject: {fileID: 1367622922749134955, guid: 4934bae7fb8289b4bab7882db0a4ac5f,
    type: 3}
  m_PrefabInstance: {fileID: 1055857102}
  m_PrefabAsset: {fileID: 0}
--- !u!1001 &1105384824
PrefabInstance:
  m_ObjectHideFlags: 0
  serializedVersion: 2
  m_Modification:
    m_TransformParent: {fileID: 219143825}
    m_Modifications:
    - target: {fileID: 1367622922749134959, guid: 4934bae7fb8289b4bab7882db0a4ac5f,
        type: 3}
      propertyPath: m_Name
      value: Obstacle (13)
      objectReference: {fileID: 0}
    - target: {fileID: 1367622922749134959, guid: 4934bae7fb8289b4bab7882db0a4ac5f,
        type: 3}
      propertyPath: m_TagString
      value: Enemy
      objectReference: {fileID: 0}
    - target: {fileID: 1367622922749134955, guid: 4934bae7fb8289b4bab7882db0a4ac5f,
        type: 3}
      propertyPath: m_LocalPosition.x
      value: 4.2
      objectReference: {fileID: 0}
    - target: {fileID: 1367622922749134955, guid: 4934bae7fb8289b4bab7882db0a4ac5f,
        type: 3}
      propertyPath: m_LocalPosition.y
      value: 19
      objectReference: {fileID: 0}
    - target: {fileID: 1367622922749134955, guid: 4934bae7fb8289b4bab7882db0a4ac5f,
        type: 3}
      propertyPath: m_LocalPosition.z
      value: 0.47
      objectReference: {fileID: 0}
    - target: {fileID: 1367622922749134955, guid: 4934bae7fb8289b4bab7882db0a4ac5f,
        type: 3}
      propertyPath: m_LocalRotation.x
      value: -0.025622152
      objectReference: {fileID: 0}
    - target: {fileID: 1367622922749134955, guid: 4934bae7fb8289b4bab7882db0a4ac5f,
        type: 3}
      propertyPath: m_LocalRotation.y
      value: 0.02464742
      objectReference: {fileID: 0}
    - target: {fileID: 1367622922749134955, guid: 4934bae7fb8289b4bab7882db0a4ac5f,
        type: 3}
      propertyPath: m_LocalRotation.z
      value: -0.37247536
      objectReference: {fileID: 0}
    - target: {fileID: 1367622922749134955, guid: 4934bae7fb8289b4bab7882db0a4ac5f,
        type: 3}
      propertyPath: m_LocalRotation.w
      value: 0.9273609
      objectReference: {fileID: 0}
    - target: {fileID: 1367622922749134955, guid: 4934bae7fb8289b4bab7882db0a4ac5f,
        type: 3}
      propertyPath: m_RootOrder
      value: 13
      objectReference: {fileID: 0}
    - target: {fileID: 1367622922749134955, guid: 4934bae7fb8289b4bab7882db0a4ac5f,
        type: 3}
      propertyPath: m_LocalEulerAnglesHint.x
      value: -1.6710001
      objectReference: {fileID: 0}
    - target: {fileID: 1367622922749134955, guid: 4934bae7fb8289b4bab7882db0a4ac5f,
        type: 3}
      propertyPath: m_LocalEulerAnglesHint.y
      value: 3.7170002
      objectReference: {fileID: 0}
    - target: {fileID: 1367622922749134955, guid: 4934bae7fb8289b4bab7882db0a4ac5f,
        type: 3}
      propertyPath: m_LocalEulerAnglesHint.z
      value: -43.820004
      objectReference: {fileID: 0}
    - target: {fileID: 1367622922749134955, guid: 4934bae7fb8289b4bab7882db0a4ac5f,
        type: 3}
      propertyPath: m_LocalScale.y
      value: 38.2193
      objectReference: {fileID: 0}
    - target: {fileID: 1367622922749134955, guid: 4934bae7fb8289b4bab7882db0a4ac5f,
        type: 3}
      propertyPath: m_LocalScale.z
      value: 12.628
      objectReference: {fileID: 0}
    - target: {fileID: 1367622922749134955, guid: 4934bae7fb8289b4bab7882db0a4ac5f,
        type: 3}
      propertyPath: m_LocalScale.x
      value: 9.426001
      objectReference: {fileID: 0}
    m_RemovedComponents: []
  m_SourcePrefab: {fileID: 100100000, guid: 4934bae7fb8289b4bab7882db0a4ac5f, type: 3}
--- !u!4 &1105384825 stripped
Transform:
  m_CorrespondingSourceObject: {fileID: 1367622922749134955, guid: 4934bae7fb8289b4bab7882db0a4ac5f,
    type: 3}
  m_PrefabInstance: {fileID: 1105384824}
  m_PrefabAsset: {fileID: 0}
--- !u!1001 &1229046738
PrefabInstance:
  m_ObjectHideFlags: 0
  serializedVersion: 2
  m_Modification:
    m_TransformParent: {fileID: 219143825}
    m_Modifications:
    - target: {fileID: 1367622922749134959, guid: 4934bae7fb8289b4bab7882db0a4ac5f,
        type: 3}
      propertyPath: m_Name
      value: Obstacle (5)
      objectReference: {fileID: 0}
    - target: {fileID: 1367622922749134959, guid: 4934bae7fb8289b4bab7882db0a4ac5f,
        type: 3}
      propertyPath: m_TagString
      value: Enemy
      objectReference: {fileID: 0}
    - target: {fileID: 1367622922749134955, guid: 4934bae7fb8289b4bab7882db0a4ac5f,
        type: 3}
      propertyPath: m_LocalPosition.x
      value: -39.2
      objectReference: {fileID: 0}
    - target: {fileID: 1367622922749134955, guid: 4934bae7fb8289b4bab7882db0a4ac5f,
        type: 3}
      propertyPath: m_LocalPosition.y
      value: 11.86
      objectReference: {fileID: 0}
    - target: {fileID: 1367622922749134955, guid: 4934bae7fb8289b4bab7882db0a4ac5f,
        type: 3}
      propertyPath: m_LocalPosition.z
      value: 0.47
      objectReference: {fileID: 0}
    - target: {fileID: 1367622922749134955, guid: 4934bae7fb8289b4bab7882db0a4ac5f,
        type: 3}
      propertyPath: m_LocalRotation.x
      value: -0
      objectReference: {fileID: 0}
    - target: {fileID: 1367622922749134955, guid: 4934bae7fb8289b4bab7882db0a4ac5f,
        type: 3}
      propertyPath: m_LocalRotation.y
      value: -0
      objectReference: {fileID: 0}
    - target: {fileID: 1367622922749134955, guid: 4934bae7fb8289b4bab7882db0a4ac5f,
        type: 3}
      propertyPath: m_LocalRotation.z
      value: 0.7855978
      objectReference: {fileID: 0}
    - target: {fileID: 1367622922749134955, guid: 4934bae7fb8289b4bab7882db0a4ac5f,
        type: 3}
      propertyPath: m_LocalRotation.w
      value: 0.61873764
      objectReference: {fileID: 0}
    - target: {fileID: 1367622922749134955, guid: 4934bae7fb8289b4bab7882db0a4ac5f,
        type: 3}
      propertyPath: m_RootOrder
      value: 5
      objectReference: {fileID: 0}
    - target: {fileID: 1367622922749134955, guid: 4934bae7fb8289b4bab7882db0a4ac5f,
        type: 3}
      propertyPath: m_LocalEulerAnglesHint.x
      value: 0
      objectReference: {fileID: 0}
    - target: {fileID: 1367622922749134955, guid: 4934bae7fb8289b4bab7882db0a4ac5f,
        type: 3}
      propertyPath: m_LocalEulerAnglesHint.y
      value: 0
      objectReference: {fileID: 0}
    - target: {fileID: 1367622922749134955, guid: 4934bae7fb8289b4bab7882db0a4ac5f,
        type: 3}
      propertyPath: m_LocalEulerAnglesHint.z
      value: 103.552
      objectReference: {fileID: 0}
    - target: {fileID: 1367622922749134955, guid: 4934bae7fb8289b4bab7882db0a4ac5f,
        type: 3}
      propertyPath: m_LocalScale.y
      value: 14.861879
      objectReference: {fileID: 0}
    - target: {fileID: 1367622922749134955, guid: 4934bae7fb8289b4bab7882db0a4ac5f,
        type: 3}
      propertyPath: m_LocalScale.z
      value: 12.628
      objectReference: {fileID: 0}
    - target: {fileID: 1367622922749134955, guid: 4934bae7fb8289b4bab7882db0a4ac5f,
        type: 3}
      propertyPath: m_LocalScale.x
      value: 2.5
      objectReference: {fileID: 0}
    m_RemovedComponents: []
  m_SourcePrefab: {fileID: 100100000, guid: 4934bae7fb8289b4bab7882db0a4ac5f, type: 3}
--- !u!1001 &1238250314
PrefabInstance:
  m_ObjectHideFlags: 0
  serializedVersion: 2
  m_Modification:
    m_TransformParent: {fileID: 219143825}
    m_Modifications:
    - target: {fileID: 1367622922749134959, guid: 4934bae7fb8289b4bab7882db0a4ac5f,
        type: 3}
      propertyPath: m_Name
      value: Obstacle (2)
      objectReference: {fileID: 0}
    - target: {fileID: 1367622922749134959, guid: 4934bae7fb8289b4bab7882db0a4ac5f,
        type: 3}
      propertyPath: m_TagString
      value: Enemy
      objectReference: {fileID: 0}
    - target: {fileID: 1367622922749134955, guid: 4934bae7fb8289b4bab7882db0a4ac5f,
        type: 3}
      propertyPath: m_LocalPosition.x
      value: -23.4
      objectReference: {fileID: 0}
    - target: {fileID: 1367622922749134955, guid: 4934bae7fb8289b4bab7882db0a4ac5f,
        type: 3}
      propertyPath: m_LocalPosition.y
      value: -4.19
      objectReference: {fileID: 0}
    - target: {fileID: 1367622922749134955, guid: 4934bae7fb8289b4bab7882db0a4ac5f,
        type: 3}
      propertyPath: m_LocalPosition.z
      value: 0.47
      objectReference: {fileID: 0}
    - target: {fileID: 1367622922749134955, guid: 4934bae7fb8289b4bab7882db0a4ac5f,
        type: 3}
      propertyPath: m_LocalRotation.x
      value: -0
      objectReference: {fileID: 0}
    - target: {fileID: 1367622922749134955, guid: 4934bae7fb8289b4bab7882db0a4ac5f,
        type: 3}
      propertyPath: m_LocalRotation.y
      value: -0
      objectReference: {fileID: 0}
    - target: {fileID: 1367622922749134955, guid: 4934bae7fb8289b4bab7882db0a4ac5f,
        type: 3}
      propertyPath: m_LocalRotation.z
      value: 0.13273887
      objectReference: {fileID: 0}
    - target: {fileID: 1367622922749134955, guid: 4934bae7fb8289b4bab7882db0a4ac5f,
        type: 3}
      propertyPath: m_LocalRotation.w
      value: 0.99115103
      objectReference: {fileID: 0}
    - target: {fileID: 1367622922749134955, guid: 4934bae7fb8289b4bab7882db0a4ac5f,
        type: 3}
      propertyPath: m_RootOrder
      value: 2
      objectReference: {fileID: 0}
    - target: {fileID: 1367622922749134955, guid: 4934bae7fb8289b4bab7882db0a4ac5f,
        type: 3}
      propertyPath: m_LocalEulerAnglesHint.x
      value: 0
      objectReference: {fileID: 0}
    - target: {fileID: 1367622922749134955, guid: 4934bae7fb8289b4bab7882db0a4ac5f,
        type: 3}
      propertyPath: m_LocalEulerAnglesHint.y
      value: 0
      objectReference: {fileID: 0}
    - target: {fileID: 1367622922749134955, guid: 4934bae7fb8289b4bab7882db0a4ac5f,
        type: 3}
      propertyPath: m_LocalEulerAnglesHint.z
      value: 15.2560005
      objectReference: {fileID: 0}
    - target: {fileID: 1367622922749134955, guid: 4934bae7fb8289b4bab7882db0a4ac5f,
        type: 3}
      propertyPath: m_LocalScale.y
      value: 14.861879
      objectReference: {fileID: 0}
    - target: {fileID: 1367622922749134955, guid: 4934bae7fb8289b4bab7882db0a4ac5f,
        type: 3}
      propertyPath: m_LocalScale.z
      value: 12.628
      objectReference: {fileID: 0}
    - target: {fileID: 1367622922749134955, guid: 4934bae7fb8289b4bab7882db0a4ac5f,
        type: 3}
      propertyPath: m_LocalScale.x
      value: 2.5
      objectReference: {fileID: 0}
    m_RemovedComponents: []
  m_SourcePrefab: {fileID: 100100000, guid: 4934bae7fb8289b4bab7882db0a4ac5f, type: 3}
--- !u!4 &1238250315 stripped
Transform:
  m_CorrespondingSourceObject: {fileID: 1367622922749134955, guid: 4934bae7fb8289b4bab7882db0a4ac5f,
    type: 3}
  m_PrefabInstance: {fileID: 1238250314}
  m_PrefabAsset: {fileID: 0}
--- !u!1001 &1312861512
PrefabInstance:
  m_ObjectHideFlags: 0
  serializedVersion: 2
  m_Modification:
    m_TransformParent: {fileID: 219143825}
    m_Modifications:
    - target: {fileID: 1367622922749134959, guid: 4934bae7fb8289b4bab7882db0a4ac5f,
        type: 3}
      propertyPath: m_Name
      value: Obstacle (9)
      objectReference: {fileID: 0}
    - target: {fileID: 1367622922749134959, guid: 4934bae7fb8289b4bab7882db0a4ac5f,
        type: 3}
      propertyPath: m_TagString
      value: Enemy
      objectReference: {fileID: 0}
    - target: {fileID: 1367622922749134955, guid: 4934bae7fb8289b4bab7882db0a4ac5f,
        type: 3}
      propertyPath: m_LocalPosition.x
      value: -28.2
      objectReference: {fileID: 0}
    - target: {fileID: 1367622922749134955, guid: 4934bae7fb8289b4bab7882db0a4ac5f,
        type: 3}
      propertyPath: m_LocalPosition.y
      value: -9.6
      objectReference: {fileID: 0}
    - target: {fileID: 1367622922749134955, guid: 4934bae7fb8289b4bab7882db0a4ac5f,
        type: 3}
      propertyPath: m_LocalPosition.z
      value: -7.8
      objectReference: {fileID: 0}
    - target: {fileID: 1367622922749134955, guid: 4934bae7fb8289b4bab7882db0a4ac5f,
        type: 3}
      propertyPath: m_LocalRotation.x
      value: -0.16343483
      objectReference: {fileID: 0}
    - target: {fileID: 1367622922749134955, guid: 4934bae7fb8289b4bab7882db0a4ac5f,
        type: 3}
      propertyPath: m_LocalRotation.y
      value: -0.5725909
      objectReference: {fileID: 0}
    - target: {fileID: 1367622922749134955, guid: 4934bae7fb8289b4bab7882db0a4ac5f,
        type: 3}
      propertyPath: m_LocalRotation.z
      value: -0.6268468
      objectReference: {fileID: 0}
    - target: {fileID: 1367622922749134955, guid: 4934bae7fb8289b4bab7882db0a4ac5f,
        type: 3}
      propertyPath: m_LocalRotation.w
      value: 0.5024857
      objectReference: {fileID: 0}
    - target: {fileID: 1367622922749134955, guid: 4934bae7fb8289b4bab7882db0a4ac5f,
        type: 3}
      propertyPath: m_RootOrder
      value: 9
      objectReference: {fileID: 0}
    - target: {fileID: 1367622922749134955, guid: 4934bae7fb8289b4bab7882db0a4ac5f,
        type: 3}
      propertyPath: m_LocalEulerAnglesHint.x
      value: -61.897003
      objectReference: {fileID: 0}
    - target: {fileID: 1367622922749134955, guid: 4934bae7fb8289b4bab7882db0a4ac5f,
        type: 3}
      propertyPath: m_LocalEulerAnglesHint.y
      value: -51.870003
      objectReference: {fileID: 0}
    - target: {fileID: 1367622922749134955, guid: 4934bae7fb8289b4bab7882db0a4ac5f,
        type: 3}
      propertyPath: m_LocalEulerAnglesHint.z
      value: -70.053
      objectReference: {fileID: 0}
    - target: {fileID: 1367622922749134955, guid: 4934bae7fb8289b4bab7882db0a4ac5f,
        type: 3}
      propertyPath: m_LocalScale.y
      value: 14.861879
      objectReference: {fileID: 0}
    - target: {fileID: 1367622922749134955, guid: 4934bae7fb8289b4bab7882db0a4ac5f,
        type: 3}
      propertyPath: m_LocalScale.z
      value: 14.7857485
      objectReference: {fileID: 0}
    - target: {fileID: 1367622922749134955, guid: 4934bae7fb8289b4bab7882db0a4ac5f,
        type: 3}
      propertyPath: m_LocalScale.x
      value: 2.5
      objectReference: {fileID: 0}
    m_RemovedComponents: []
  m_SourcePrefab: {fileID: 100100000, guid: 4934bae7fb8289b4bab7882db0a4ac5f, type: 3}
--- !u!4 &1312861513 stripped
Transform:
  m_CorrespondingSourceObject: {fileID: 1367622922749134955, guid: 4934bae7fb8289b4bab7882db0a4ac5f,
    type: 3}
  m_PrefabInstance: {fileID: 1312861512}
  m_PrefabAsset: {fileID: 0}
--- !u!1001 &1409269654
PrefabInstance:
  m_ObjectHideFlags: 0
  serializedVersion: 2
  m_Modification:
    m_TransformParent: {fileID: 219143825}
    m_Modifications:
    - target: {fileID: 1367622922749134959, guid: 4934bae7fb8289b4bab7882db0a4ac5f,
        type: 3}
      propertyPath: m_Name
      value: Obstacle (4)
      objectReference: {fileID: 0}
    - target: {fileID: 1367622922749134959, guid: 4934bae7fb8289b4bab7882db0a4ac5f,
        type: 3}
      propertyPath: m_TagString
      value: Enemy
      objectReference: {fileID: 0}
    - target: {fileID: 1367622922749134955, guid: 4934bae7fb8289b4bab7882db0a4ac5f,
        type: 3}
      propertyPath: m_LocalPosition.x
      value: 32.4
      objectReference: {fileID: 0}
    - target: {fileID: 1367622922749134955, guid: 4934bae7fb8289b4bab7882db0a4ac5f,
        type: 3}
      propertyPath: m_LocalPosition.y
      value: 22.3
      objectReference: {fileID: 0}
    - target: {fileID: 1367622922749134955, guid: 4934bae7fb8289b4bab7882db0a4ac5f,
        type: 3}
      propertyPath: m_LocalPosition.z
      value: 0.2
      objectReference: {fileID: 0}
    - target: {fileID: 1367622922749134955, guid: 4934bae7fb8289b4bab7882db0a4ac5f,
        type: 3}
      propertyPath: m_LocalRotation.x
      value: -0
      objectReference: {fileID: 0}
    - target: {fileID: 1367622922749134955, guid: 4934bae7fb8289b4bab7882db0a4ac5f,
        type: 3}
      propertyPath: m_LocalRotation.y
      value: -0
      objectReference: {fileID: 0}
    - target: {fileID: 1367622922749134955, guid: 4934bae7fb8289b4bab7882db0a4ac5f,
        type: 3}
      propertyPath: m_LocalRotation.z
      value: -0
      objectReference: {fileID: 0}
    - target: {fileID: 1367622922749134955, guid: 4934bae7fb8289b4bab7882db0a4ac5f,
        type: 3}
      propertyPath: m_LocalRotation.w
      value: 1
      objectReference: {fileID: 0}
    - target: {fileID: 1367622922749134955, guid: 4934bae7fb8289b4bab7882db0a4ac5f,
        type: 3}
      propertyPath: m_RootOrder
      value: 4
      objectReference: {fileID: 0}
    - target: {fileID: 1367622922749134955, guid: 4934bae7fb8289b4bab7882db0a4ac5f,
        type: 3}
      propertyPath: m_LocalEulerAnglesHint.x
      value: 0
      objectReference: {fileID: 0}
    - target: {fileID: 1367622922749134955, guid: 4934bae7fb8289b4bab7882db0a4ac5f,
        type: 3}
      propertyPath: m_LocalEulerAnglesHint.y
      value: 0
      objectReference: {fileID: 0}
    - target: {fileID: 1367622922749134955, guid: 4934bae7fb8289b4bab7882db0a4ac5f,
        type: 3}
      propertyPath: m_LocalEulerAnglesHint.z
      value: 0
      objectReference: {fileID: 0}
    - target: {fileID: 1367622922749134955, guid: 4934bae7fb8289b4bab7882db0a4ac5f,
        type: 3}
      propertyPath: m_LocalScale.y
      value: 66.9576
      objectReference: {fileID: 0}
    - target: {fileID: 1367622922749134955, guid: 4934bae7fb8289b4bab7882db0a4ac5f,
        type: 3}
      propertyPath: m_LocalScale.x
      value: 1
      objectReference: {fileID: 0}
    - target: {fileID: 1367622922749134955, guid: 4934bae7fb8289b4bab7882db0a4ac5f,
        type: 3}
      propertyPath: m_LocalScale.z
      value: -29.148232
      objectReference: {fileID: 0}
    m_RemovedComponents: []
  m_SourcePrefab: {fileID: 100100000, guid: 4934bae7fb8289b4bab7882db0a4ac5f, type: 3}
--- !u!4 &1409269655 stripped
Transform:
  m_CorrespondingSourceObject: {fileID: 1367622922749134955, guid: 4934bae7fb8289b4bab7882db0a4ac5f,
    type: 3}
  m_PrefabInstance: {fileID: 1409269654}
  m_PrefabAsset: {fileID: 0}
--- !u!1001 &1508534821
PrefabInstance:
  m_ObjectHideFlags: 0
  serializedVersion: 2
  m_Modification:
    m_TransformParent: {fileID: 219143825}
    m_Modifications:
    - target: {fileID: 1367622922749134959, guid: 4934bae7fb8289b4bab7882db0a4ac5f,
        type: 3}
      propertyPath: m_Name
      value: Obstacle (1)
      objectReference: {fileID: 0}
    - target: {fileID: 1367622922749134959, guid: 4934bae7fb8289b4bab7882db0a4ac5f,
        type: 3}
      propertyPath: m_TagString
      value: Enemy
      objectReference: {fileID: 0}
    - target: {fileID: 1367622922749134955, guid: 4934bae7fb8289b4bab7882db0a4ac5f,
        type: 3}
      propertyPath: m_LocalPosition.x
      value: 9.26
      objectReference: {fileID: 0}
    - target: {fileID: 1367622922749134955, guid: 4934bae7fb8289b4bab7882db0a4ac5f,
        type: 3}
      propertyPath: m_LocalPosition.y
      value: -7
      objectReference: {fileID: 0}
    - target: {fileID: 1367622922749134955, guid: 4934bae7fb8289b4bab7882db0a4ac5f,
        type: 3}
      propertyPath: m_LocalPosition.z
      value: 0.4
      objectReference: {fileID: 0}
    - target: {fileID: 1367622922749134955, guid: 4934bae7fb8289b4bab7882db0a4ac5f,
        type: 3}
      propertyPath: m_LocalRotation.x
      value: -0
      objectReference: {fileID: 0}
    - target: {fileID: 1367622922749134955, guid: 4934bae7fb8289b4bab7882db0a4ac5f,
        type: 3}
      propertyPath: m_LocalRotation.y
      value: -0
      objectReference: {fileID: 0}
    - target: {fileID: 1367622922749134955, guid: 4934bae7fb8289b4bab7882db0a4ac5f,
        type: 3}
      propertyPath: m_LocalRotation.z
      value: -0
      objectReference: {fileID: 0}
    - target: {fileID: 1367622922749134955, guid: 4934bae7fb8289b4bab7882db0a4ac5f,
        type: 3}
      propertyPath: m_LocalRotation.w
      value: 1
      objectReference: {fileID: 0}
    - target: {fileID: 1367622922749134955, guid: 4934bae7fb8289b4bab7882db0a4ac5f,
        type: 3}
      propertyPath: m_RootOrder
      value: 1
      objectReference: {fileID: 0}
    - target: {fileID: 1367622922749134955, guid: 4934bae7fb8289b4bab7882db0a4ac5f,
        type: 3}
      propertyPath: m_LocalEulerAnglesHint.x
      value: 0
      objectReference: {fileID: 0}
    - target: {fileID: 1367622922749134955, guid: 4934bae7fb8289b4bab7882db0a4ac5f,
        type: 3}
      propertyPath: m_LocalEulerAnglesHint.y
      value: 0
      objectReference: {fileID: 0}
    - target: {fileID: 1367622922749134955, guid: 4934bae7fb8289b4bab7882db0a4ac5f,
        type: 3}
      propertyPath: m_LocalEulerAnglesHint.z
      value: 0
      objectReference: {fileID: 0}
    - target: {fileID: 1367622922749134955, guid: 4934bae7fb8289b4bab7882db0a4ac5f,
        type: 3}
      propertyPath: m_LocalScale.y
      value: 6.959086
      objectReference: {fileID: 0}
    - target: {fileID: 1367622922749134955, guid: 4934bae7fb8289b4bab7882db0a4ac5f,
        type: 3}
      propertyPath: m_LocalScale.z
      value: 13.0904
      objectReference: {fileID: 0}
    - target: {fileID: 1367622922749134955, guid: 4934bae7fb8289b4bab7882db0a4ac5f,
        type: 3}
      propertyPath: m_LocalScale.x
      value: 6.7391076
      objectReference: {fileID: 0}
    m_RemovedComponents: []
  m_SourcePrefab: {fileID: 100100000, guid: 4934bae7fb8289b4bab7882db0a4ac5f, type: 3}
--- !u!4 &1508534822 stripped
Transform:
  m_CorrespondingSourceObject: {fileID: 1367622922749134955, guid: 4934bae7fb8289b4bab7882db0a4ac5f,
    type: 3}
  m_PrefabInstance: {fileID: 1508534821}
  m_PrefabAsset: {fileID: 0}
--- !u!1001 &1592840524
PrefabInstance:
  m_ObjectHideFlags: 0
  serializedVersion: 2
  m_Modification:
    m_TransformParent: {fileID: 219143825}
    m_Modifications:
    - target: {fileID: 1367622922749134959, guid: 4934bae7fb8289b4bab7882db0a4ac5f,
        type: 3}
      propertyPath: m_Name
      value: Obstacle (15)
      objectReference: {fileID: 0}
    - target: {fileID: 1367622922749134959, guid: 4934bae7fb8289b4bab7882db0a4ac5f,
        type: 3}
      propertyPath: m_TagString
      value: Enemy
      objectReference: {fileID: 0}
    - target: {fileID: 1367622922749134955, guid: 4934bae7fb8289b4bab7882db0a4ac5f,
        type: 3}
      propertyPath: m_LocalPosition.x
      value: -11.7
      objectReference: {fileID: 0}
    - target: {fileID: 1367622922749134955, guid: 4934bae7fb8289b4bab7882db0a4ac5f,
        type: 3}
      propertyPath: m_LocalPosition.y
      value: -10
      objectReference: {fileID: 0}
    - target: {fileID: 1367622922749134955, guid: 4934bae7fb8289b4bab7882db0a4ac5f,
        type: 3}
      propertyPath: m_LocalPosition.z
      value: 0.47
      objectReference: {fileID: 0}
    - target: {fileID: 1367622922749134955, guid: 4934bae7fb8289b4bab7882db0a4ac5f,
        type: 3}
      propertyPath: m_LocalRotation.x
      value: -0
      objectReference: {fileID: 0}
    - target: {fileID: 1367622922749134955, guid: 4934bae7fb8289b4bab7882db0a4ac5f,
        type: 3}
      propertyPath: m_LocalRotation.y
      value: -0
      objectReference: {fileID: 0}
    - target: {fileID: 1367622922749134955, guid: 4934bae7fb8289b4bab7882db0a4ac5f,
        type: 3}
      propertyPath: m_LocalRotation.z
      value: 0.70322376
      objectReference: {fileID: 0}
    - target: {fileID: 1367622922749134955, guid: 4934bae7fb8289b4bab7882db0a4ac5f,
        type: 3}
      propertyPath: m_LocalRotation.w
      value: 0.7109686
      objectReference: {fileID: 0}
    - target: {fileID: 1367622922749134955, guid: 4934bae7fb8289b4bab7882db0a4ac5f,
        type: 3}
      propertyPath: m_RootOrder
      value: 14
      objectReference: {fileID: 0}
    - target: {fileID: 1367622922749134955, guid: 4934bae7fb8289b4bab7882db0a4ac5f,
        type: 3}
      propertyPath: m_LocalEulerAnglesHint.x
      value: 0
      objectReference: {fileID: 0}
    - target: {fileID: 1367622922749134955, guid: 4934bae7fb8289b4bab7882db0a4ac5f,
        type: 3}
      propertyPath: m_LocalEulerAnglesHint.y
      value: 0
      objectReference: {fileID: 0}
    - target: {fileID: 1367622922749134955, guid: 4934bae7fb8289b4bab7882db0a4ac5f,
        type: 3}
      propertyPath: m_LocalEulerAnglesHint.z
      value: 89.372
      objectReference: {fileID: 0}
    - target: {fileID: 1367622922749134955, guid: 4934bae7fb8289b4bab7882db0a4ac5f,
        type: 3}
      propertyPath: m_LocalScale.y
      value: 14.861879
      objectReference: {fileID: 0}
    - target: {fileID: 1367622922749134955, guid: 4934bae7fb8289b4bab7882db0a4ac5f,
        type: 3}
      propertyPath: m_LocalScale.z
      value: 12.628
      objectReference: {fileID: 0}
    - target: {fileID: 1367622922749134955, guid: 4934bae7fb8289b4bab7882db0a4ac5f,
        type: 3}
      propertyPath: m_LocalScale.x
      value: 2.5
      objectReference: {fileID: 0}
    m_RemovedComponents: []
  m_SourcePrefab: {fileID: 100100000, guid: 4934bae7fb8289b4bab7882db0a4ac5f, type: 3}
--- !u!4 &1592840525 stripped
Transform:
  m_CorrespondingSourceObject: {fileID: 1367622922749134955, guid: 4934bae7fb8289b4bab7882db0a4ac5f,
    type: 3}
  m_PrefabInstance: {fileID: 1592840524}
  m_PrefabAsset: {fileID: 0}
--- !u!4 &1622936543 stripped
Transform:
  m_CorrespondingSourceObject: {fileID: 1367622922749134955, guid: 4934bae7fb8289b4bab7882db0a4ac5f,
    type: 3}
  m_PrefabInstance: {fileID: 700744827}
  m_PrefabAsset: {fileID: 0}
--- !u!1001 &1652246435
PrefabInstance:
  m_ObjectHideFlags: 0
  serializedVersion: 2
  m_Modification:
    m_TransformParent: {fileID: 219143825}
    m_Modifications:
    - target: {fileID: 1367622922749134959, guid: 4934bae7fb8289b4bab7882db0a4ac5f,
        type: 3}
      propertyPath: m_Name
      value: Obstacle (11)
      objectReference: {fileID: 0}
    - target: {fileID: 1367622922749134959, guid: 4934bae7fb8289b4bab7882db0a4ac5f,
        type: 3}
      propertyPath: m_TagString
      value: Enemy
      objectReference: {fileID: 0}
    - target: {fileID: 1367622922749134955, guid: 4934bae7fb8289b4bab7882db0a4ac5f,
        type: 3}
      propertyPath: m_LocalPosition.x
      value: 4.52
      objectReference: {fileID: 0}
    - target: {fileID: 1367622922749134955, guid: 4934bae7fb8289b4bab7882db0a4ac5f,
        type: 3}
      propertyPath: m_LocalPosition.y
      value: -9.18
      objectReference: {fileID: 0}
    - target: {fileID: 1367622922749134955, guid: 4934bae7fb8289b4bab7882db0a4ac5f,
        type: 3}
      propertyPath: m_LocalPosition.z
      value: 0.484375
      objectReference: {fileID: 0}
    - target: {fileID: 1367622922749134955, guid: 4934bae7fb8289b4bab7882db0a4ac5f,
        type: 3}
      propertyPath: m_LocalRotation.x
      value: -0
      objectReference: {fileID: 0}
    - target: {fileID: 1367622922749134955, guid: 4934bae7fb8289b4bab7882db0a4ac5f,
        type: 3}
      propertyPath: m_LocalRotation.y
      value: -0
      objectReference: {fileID: 0}
    - target: {fileID: 1367622922749134955, guid: 4934bae7fb8289b4bab7882db0a4ac5f,
        type: 3}
      propertyPath: m_LocalRotation.z
      value: 0.31984726
      objectReference: {fileID: 0}
    - target: {fileID: 1367622922749134955, guid: 4934bae7fb8289b4bab7882db0a4ac5f,
        type: 3}
      propertyPath: m_LocalRotation.w
      value: 0.9474692
      objectReference: {fileID: 0}
    - target: {fileID: 1367622922749134955, guid: 4934bae7fb8289b4bab7882db0a4ac5f,
        type: 3}
      propertyPath: m_RootOrder
      value: 11
      objectReference: {fileID: 0}
    - target: {fileID: 1367622922749134955, guid: 4934bae7fb8289b4bab7882db0a4ac5f,
        type: 3}
      propertyPath: m_LocalEulerAnglesHint.x
      value: 0
      objectReference: {fileID: 0}
    - target: {fileID: 1367622922749134955, guid: 4934bae7fb8289b4bab7882db0a4ac5f,
        type: 3}
      propertyPath: m_LocalEulerAnglesHint.y
      value: 0
      objectReference: {fileID: 0}
    - target: {fileID: 1367622922749134955, guid: 4934bae7fb8289b4bab7882db0a4ac5f,
        type: 3}
      propertyPath: m_LocalEulerAnglesHint.z
      value: 37.307003
      objectReference: {fileID: 0}
    - target: {fileID: 1367622922749134955, guid: 4934bae7fb8289b4bab7882db0a4ac5f,
        type: 3}
      propertyPath: m_LocalScale.y
      value: 6.959086
      objectReference: {fileID: 0}
    - target: {fileID: 1367622922749134955, guid: 4934bae7fb8289b4bab7882db0a4ac5f,
        type: 3}
      propertyPath: m_LocalScale.z
      value: 13.0904
      objectReference: {fileID: 0}
    - target: {fileID: 1367622922749134955, guid: 4934bae7fb8289b4bab7882db0a4ac5f,
        type: 3}
      propertyPath: m_LocalScale.x
      value: 9.162521
      objectReference: {fileID: 0}
    m_RemovedComponents: []
  m_SourcePrefab: {fileID: 100100000, guid: 4934bae7fb8289b4bab7882db0a4ac5f, type: 3}
--- !u!4 &1652246436 stripped
Transform:
  m_CorrespondingSourceObject: {fileID: 1367622922749134955, guid: 4934bae7fb8289b4bab7882db0a4ac5f,
    type: 3}
  m_PrefabInstance: {fileID: 1652246435}
  m_PrefabAsset: {fileID: 0}
--- !u!1001 &1798124777
PrefabInstance:
  m_ObjectHideFlags: 0
  serializedVersion: 2
  m_Modification:
    m_TransformParent: {fileID: 219143825}
    m_Modifications:
    - target: {fileID: 1367622922749134959, guid: 4934bae7fb8289b4bab7882db0a4ac5f,
        type: 3}
      propertyPath: m_Name
      value: Obstacle (10)
      objectReference: {fileID: 0}
    - target: {fileID: 1367622922749134959, guid: 4934bae7fb8289b4bab7882db0a4ac5f,
        type: 3}
      propertyPath: m_TagString
      value: Enemy
      objectReference: {fileID: 0}
    - target: {fileID: 1367622922749134955, guid: 4934bae7fb8289b4bab7882db0a4ac5f,
        type: 3}
      propertyPath: m_LocalPosition.x
      value: 33.1
      objectReference: {fileID: 0}
    - target: {fileID: 1367622922749134955, guid: 4934bae7fb8289b4bab7882db0a4ac5f,
        type: 3}
      propertyPath: m_LocalPosition.y
      value: -4.19
      objectReference: {fileID: 0}
    - target: {fileID: 1367622922749134955, guid: 4934bae7fb8289b4bab7882db0a4ac5f,
        type: 3}
      propertyPath: m_LocalPosition.z
      value: 0.6
      objectReference: {fileID: 0}
    - target: {fileID: 1367622922749134955, guid: 4934bae7fb8289b4bab7882db0a4ac5f,
        type: 3}
      propertyPath: m_LocalRotation.x
      value: -0
      objectReference: {fileID: 0}
    - target: {fileID: 1367622922749134955, guid: 4934bae7fb8289b4bab7882db0a4ac5f,
        type: 3}
      propertyPath: m_LocalRotation.y
      value: -0
      objectReference: {fileID: 0}
    - target: {fileID: 1367622922749134955, guid: 4934bae7fb8289b4bab7882db0a4ac5f,
        type: 3}
      propertyPath: m_LocalRotation.z
      value: -0.15923356
      objectReference: {fileID: 0}
    - target: {fileID: 1367622922749134955, guid: 4934bae7fb8289b4bab7882db0a4ac5f,
        type: 3}
      propertyPath: m_LocalRotation.w
      value: 0.98724097
      objectReference: {fileID: 0}
    - target: {fileID: 1367622922749134955, guid: 4934bae7fb8289b4bab7882db0a4ac5f,
        type: 3}
      propertyPath: m_RootOrder
      value: 10
      objectReference: {fileID: 0}
    - target: {fileID: 1367622922749134955, guid: 4934bae7fb8289b4bab7882db0a4ac5f,
        type: 3}
      propertyPath: m_LocalEulerAnglesHint.x
      value: 0
      objectReference: {fileID: 0}
    - target: {fileID: 1367622922749134955, guid: 4934bae7fb8289b4bab7882db0a4ac5f,
        type: 3}
      propertyPath: m_LocalEulerAnglesHint.y
      value: 0
      objectReference: {fileID: 0}
    - target: {fileID: 1367622922749134955, guid: 4934bae7fb8289b4bab7882db0a4ac5f,
        type: 3}
      propertyPath: m_LocalEulerAnglesHint.z
      value: -18.325
      objectReference: {fileID: 0}
    - target: {fileID: 1367622922749134955, guid: 4934bae7fb8289b4bab7882db0a4ac5f,
        type: 3}
      propertyPath: m_LocalScale.y
      value: 14.861879
      objectReference: {fileID: 0}
    - target: {fileID: 1367622922749134955, guid: 4934bae7fb8289b4bab7882db0a4ac5f,
        type: 3}
      propertyPath: m_LocalScale.z
      value: 29.29237
      objectReference: {fileID: 0}
    - target: {fileID: 1367622922749134955, guid: 4934bae7fb8289b4bab7882db0a4ac5f,
        type: 3}
      propertyPath: m_LocalScale.x
      value: 7.00175
      objectReference: {fileID: 0}
    m_RemovedComponents: []
  m_SourcePrefab: {fileID: 100100000, guid: 4934bae7fb8289b4bab7882db0a4ac5f, type: 3}
--- !u!4 &1798124778 stripped
Transform:
  m_CorrespondingSourceObject: {fileID: 1367622922749134955, guid: 4934bae7fb8289b4bab7882db0a4ac5f,
    type: 3}
  m_PrefabInstance: {fileID: 1798124777}
  m_PrefabAsset: {fileID: 0}
--- !u!1001 &2059143341
PrefabInstance:
  m_ObjectHideFlags: 0
  serializedVersion: 2
  m_Modification:
    m_TransformParent: {fileID: 219143825}
    m_Modifications:
    - target: {fileID: 1367622922749134959, guid: 4934bae7fb8289b4bab7882db0a4ac5f,
        type: 3}
      propertyPath: m_Name
      value: Obstacle (7)
      objectReference: {fileID: 0}
    - target: {fileID: 1367622922749134959, guid: 4934bae7fb8289b4bab7882db0a4ac5f,
        type: 3}
      propertyPath: m_TagString
      value: Enemy
      objectReference: {fileID: 0}
    - target: {fileID: 1367622922749134955, guid: 4934bae7fb8289b4bab7882db0a4ac5f,
        type: 3}
      propertyPath: m_LocalPosition.x
      value: -39.9
      objectReference: {fileID: 0}
    - target: {fileID: 1367622922749134955, guid: 4934bae7fb8289b4bab7882db0a4ac5f,
        type: 3}
      propertyPath: m_LocalPosition.y
      value: -9.1
      objectReference: {fileID: 0}
    - target: {fileID: 1367622922749134955, guid: 4934bae7fb8289b4bab7882db0a4ac5f,
        type: 3}
      propertyPath: m_LocalPosition.z
      value: -11.6
      objectReference: {fileID: 0}
    - target: {fileID: 1367622922749134955, guid: 4934bae7fb8289b4bab7882db0a4ac5f,
        type: 3}
      propertyPath: m_LocalRotation.x
      value: -0.36671603
      objectReference: {fileID: 0}
    - target: {fileID: 1367622922749134955, guid: 4934bae7fb8289b4bab7882db0a4ac5f,
        type: 3}
      propertyPath: m_LocalRotation.y
      value: -0.36777177
      objectReference: {fileID: 0}
    - target: {fileID: 1367622922749134955, guid: 4934bae7fb8289b4bab7882db0a4ac5f,
        type: 3}
      propertyPath: m_LocalRotation.z
      value: -0.53401077
      objectReference: {fileID: 0}
    - target: {fileID: 1367622922749134955, guid: 4934bae7fb8289b4bab7882db0a4ac5f,
        type: 3}
      propertyPath: m_LocalRotation.w
      value: 0.66715497
      objectReference: {fileID: 0}
    - target: {fileID: 1367622922749134955, guid: 4934bae7fb8289b4bab7882db0a4ac5f,
        type: 3}
      propertyPath: m_RootOrder
      value: 7
      objectReference: {fileID: 0}
    - target: {fileID: 1367622922749134955, guid: 4934bae7fb8289b4bab7882db0a4ac5f,
        type: 3}
      propertyPath: m_LocalEulerAnglesHint.x
      value: -61.897003
      objectReference: {fileID: 0}
    - target: {fileID: 1367622922749134955, guid: 4934bae7fb8289b4bab7882db0a4ac5f,
        type: 3}
      propertyPath: m_LocalEulerAnglesHint.y
      value: -12.14
      objectReference: {fileID: 0}
    - target: {fileID: 1367622922749134955, guid: 4934bae7fb8289b4bab7882db0a4ac5f,
        type: 3}
      propertyPath: m_LocalEulerAnglesHint.z
      value: -70.053
      objectReference: {fileID: 0}
    - target: {fileID: 1367622922749134955, guid: 4934bae7fb8289b4bab7882db0a4ac5f,
        type: 3}
      propertyPath: m_LocalScale.y
      value: 14.861879
      objectReference: {fileID: 0}
    - target: {fileID: 1367622922749134955, guid: 4934bae7fb8289b4bab7882db0a4ac5f,
        type: 3}
      propertyPath: m_LocalScale.z
      value: 10.350541
      objectReference: {fileID: 0}
    - target: {fileID: 1367622922749134955, guid: 4934bae7fb8289b4bab7882db0a4ac5f,
        type: 3}
      propertyPath: m_LocalScale.x
      value: 2.5
      objectReference: {fileID: 0}
    m_RemovedComponents: []
  m_SourcePrefab: {fileID: 100100000, guid: 4934bae7fb8289b4bab7882db0a4ac5f, type: 3}
--- !u!4 &2059143342 stripped
Transform:
  m_CorrespondingSourceObject: {fileID: 1367622922749134955, guid: 4934bae7fb8289b4bab7882db0a4ac5f,
    type: 3}
  m_PrefabInstance: {fileID: 2059143341}
  m_PrefabAsset: {fileID: 0}
--- !u!1001 &1367622921364616724
PrefabInstance:
  m_ObjectHideFlags: 0
  serializedVersion: 2
  m_Modification:
    m_TransformParent: {fileID: 219143825}
    m_Modifications:
    - target: {fileID: 1367622922749134959, guid: 4934bae7fb8289b4bab7882db0a4ac5f,
        type: 3}
      propertyPath: m_Name
      value: Obstacle
      objectReference: {fileID: 0}
    - target: {fileID: 1367622922749134959, guid: 4934bae7fb8289b4bab7882db0a4ac5f,
        type: 3}
      propertyPath: m_TagString
      value: Enemy
      objectReference: {fileID: 0}
    - target: {fileID: 1367622922749134955, guid: 4934bae7fb8289b4bab7882db0a4ac5f,
        type: 3}
      propertyPath: m_LocalPosition.x
      value: -45.5
      objectReference: {fileID: 0}
    - target: {fileID: 1367622922749134955, guid: 4934bae7fb8289b4bab7882db0a4ac5f,
        type: 3}
      propertyPath: m_LocalPosition.y
      value: 22.3
      objectReference: {fileID: 0}
    - target: {fileID: 1367622922749134955, guid: 4934bae7fb8289b4bab7882db0a4ac5f,
        type: 3}
      propertyPath: m_LocalPosition.z
      value: 0.2
      objectReference: {fileID: 0}
    - target: {fileID: 1367622922749134955, guid: 4934bae7fb8289b4bab7882db0a4ac5f,
        type: 3}
      propertyPath: m_LocalRotation.x
      value: -0
      objectReference: {fileID: 0}
    - target: {fileID: 1367622922749134955, guid: 4934bae7fb8289b4bab7882db0a4ac5f,
        type: 3}
      propertyPath: m_LocalRotation.y
      value: -0
      objectReference: {fileID: 0}
    - target: {fileID: 1367622922749134955, guid: 4934bae7fb8289b4bab7882db0a4ac5f,
        type: 3}
      propertyPath: m_LocalRotation.z
      value: -0
      objectReference: {fileID: 0}
    - target: {fileID: 1367622922749134955, guid: 4934bae7fb8289b4bab7882db0a4ac5f,
        type: 3}
      propertyPath: m_LocalRotation.w
      value: 1
      objectReference: {fileID: 0}
    - target: {fileID: 1367622922749134955, guid: 4934bae7fb8289b4bab7882db0a4ac5f,
        type: 3}
      propertyPath: m_RootOrder
      value: 0
      objectReference: {fileID: 0}
    - target: {fileID: 1367622922749134955, guid: 4934bae7fb8289b4bab7882db0a4ac5f,
        type: 3}
      propertyPath: m_LocalEulerAnglesHint.x
      value: 0
      objectReference: {fileID: 0}
    - target: {fileID: 1367622922749134955, guid: 4934bae7fb8289b4bab7882db0a4ac5f,
        type: 3}
      propertyPath: m_LocalEulerAnglesHint.y
      value: 0
      objectReference: {fileID: 0}
    - target: {fileID: 1367622922749134955, guid: 4934bae7fb8289b4bab7882db0a4ac5f,
        type: 3}
      propertyPath: m_LocalEulerAnglesHint.z
      value: 0
      objectReference: {fileID: 0}
    - target: {fileID: 1367622922749134955, guid: 4934bae7fb8289b4bab7882db0a4ac5f,
        type: 3}
      propertyPath: m_LocalScale.y
      value: 66.9576
      objectReference: {fileID: 0}
    - target: {fileID: 1367622922749134955, guid: 4934bae7fb8289b4bab7882db0a4ac5f,
        type: 3}
      propertyPath: m_LocalScale.x
      value: 1
      objectReference: {fileID: 0}
    - target: {fileID: 1367622922749134955, guid: 4934bae7fb8289b4bab7882db0a4ac5f,
        type: 3}
      propertyPath: m_LocalScale.z
      value: -29.148232
      objectReference: {fileID: 0}
    m_RemovedComponents: []
  m_SourcePrefab: {fileID: 100100000, guid: 4934bae7fb8289b4bab7882db0a4ac5f, type: 3}
--- !u!4 &1367622921364616725 stripped
Transform:
  m_CorrespondingSourceObject: {fileID: 1367622922749134955, guid: 4934bae7fb8289b4bab7882db0a4ac5f,
    type: 3}
  m_PrefabInstance: {fileID: 1367622921364616724}
  m_PrefabAsset: {fileID: 0}
--- !u!1001 &2448235726973155562
PrefabInstance:
  m_ObjectHideFlags: 0
  serializedVersion: 2
  m_Modification:
    m_TransformParent: {fileID: 0}
    m_Modifications:
    - target: {fileID: 2448235726604241520, guid: a89222e9e90135c458916d2bb35119f6,
        type: 3}
      propertyPath: m_ShadowAngle
      value: 0
      objectReference: {fileID: 0}
    - target: {fileID: 2448235726604241520, guid: a89222e9e90135c458916d2bb35119f6,
        type: 3}
      propertyPath: m_Intensity
      value: 1
      objectReference: {fileID: 0}
    - target: {fileID: 2448235726604241523, guid: a89222e9e90135c458916d2bb35119f6,
        type: 3}
      propertyPath: m_Name
      value: Directional Light
      objectReference: {fileID: 0}
    - target: {fileID: 2448235726604241521, guid: a89222e9e90135c458916d2bb35119f6,
        type: 3}
      propertyPath: m_LocalPosition.x
      value: 1.8
      objectReference: {fileID: 0}
    - target: {fileID: 2448235726604241521, guid: a89222e9e90135c458916d2bb35119f6,
        type: 3}
      propertyPath: m_LocalPosition.y
      value: 8.9
      objectReference: {fileID: 0}
    - target: {fileID: 2448235726604241521, guid: a89222e9e90135c458916d2bb35119f6,
        type: 3}
      propertyPath: m_LocalPosition.z
      value: 66.6
      objectReference: {fileID: 0}
    - target: {fileID: 2448235726604241521, guid: a89222e9e90135c458916d2bb35119f6,
        type: 3}
      propertyPath: m_LocalRotation.x
      value: 0.40821788
      objectReference: {fileID: 0}
    - target: {fileID: 2448235726604241521, guid: a89222e9e90135c458916d2bb35119f6,
        type: 3}
      propertyPath: m_LocalRotation.y
      value: -0.23456968
      objectReference: {fileID: 0}
    - target: {fileID: 2448235726604241521, guid: a89222e9e90135c458916d2bb35119f6,
        type: 3}
      propertyPath: m_LocalRotation.z
      value: 0.10938163
      objectReference: {fileID: 0}
    - target: {fileID: 2448235726604241521, guid: a89222e9e90135c458916d2bb35119f6,
        type: 3}
      propertyPath: m_LocalRotation.w
      value: 0.8754261
      objectReference: {fileID: 0}
    - target: {fileID: 2448235726604241521, guid: a89222e9e90135c458916d2bb35119f6,
        type: 3}
      propertyPath: m_RootOrder
      value: 1
      objectReference: {fileID: 0}
    - target: {fileID: 2448235726604241521, guid: a89222e9e90135c458916d2bb35119f6,
        type: 3}
      propertyPath: m_LocalEulerAnglesHint.x
      value: 50
      objectReference: {fileID: 0}
    - target: {fileID: 2448235726604241521, guid: a89222e9e90135c458916d2bb35119f6,
        type: 3}
      propertyPath: m_LocalEulerAnglesHint.y
      value: -30
      objectReference: {fileID: 0}
    - target: {fileID: 2448235726604241521, guid: a89222e9e90135c458916d2bb35119f6,
        type: 3}
      propertyPath: m_LocalEulerAnglesHint.z
      value: 0
      objectReference: {fileID: 0}
    m_RemovedComponents: []
  m_SourcePrefab: {fileID: 100100000, guid: a89222e9e90135c458916d2bb35119f6, type: 3}
--- !u!1001 &2864699159196266584
PrefabInstance:
  m_ObjectHideFlags: 0
  serializedVersion: 2
  m_Modification:
    m_TransformParent: {fileID: 0}
    m_Modifications:
    - target: {fileID: 2864699159345749289, guid: 44ee9520984bdcc4e8d674b5a3ee68cc,
        type: 3}
      propertyPath: m_Name
      value: Main Camera
      objectReference: {fileID: 0}
    - target: {fileID: 2864699159345749292, guid: 44ee9520984bdcc4e8d674b5a3ee68cc,
        type: 3}
      propertyPath: m_LocalPosition.x
      value: 1.8
      objectReference: {fileID: 0}
    - target: {fileID: 2864699159345749292, guid: 44ee9520984bdcc4e8d674b5a3ee68cc,
        type: 3}
      propertyPath: m_LocalPosition.y
      value: 15.3
      objectReference: {fileID: 0}
    - target: {fileID: 2864699159345749292, guid: 44ee9520984bdcc4e8d674b5a3ee68cc,
        type: 3}
      propertyPath: m_LocalPosition.z
      value: -35.2
      objectReference: {fileID: 0}
    - target: {fileID: 2864699159345749292, guid: 44ee9520984bdcc4e8d674b5a3ee68cc,
        type: 3}
      propertyPath: m_LocalRotation.x
      value: 0
      objectReference: {fileID: 0}
    - target: {fileID: 2864699159345749292, guid: 44ee9520984bdcc4e8d674b5a3ee68cc,
        type: 3}
      propertyPath: m_LocalRotation.y
      value: 0
      objectReference: {fileID: 0}
    - target: {fileID: 2864699159345749292, guid: 44ee9520984bdcc4e8d674b5a3ee68cc,
        type: 3}
      propertyPath: m_LocalRotation.z
      value: 0
      objectReference: {fileID: 0}
    - target: {fileID: 2864699159345749292, guid: 44ee9520984bdcc4e8d674b5a3ee68cc,
        type: 3}
      propertyPath: m_LocalRotation.w
      value: 1
      objectReference: {fileID: 0}
    - target: {fileID: 2864699159345749292, guid: 44ee9520984bdcc4e8d674b5a3ee68cc,
        type: 3}
      propertyPath: m_RootOrder
      value: 0
      objectReference: {fileID: 0}
    - target: {fileID: 2864699159345749292, guid: 44ee9520984bdcc4e8d674b5a3ee68cc,
        type: 3}
      propertyPath: m_LocalEulerAnglesHint.x
      value: 0
      objectReference: {fileID: 0}
    - target: {fileID: 2864699159345749292, guid: 44ee9520984bdcc4e8d674b5a3ee68cc,
        type: 3}
      propertyPath: m_LocalEulerAnglesHint.y
      value: 0
      objectReference: {fileID: 0}
    - target: {fileID: 2864699159345749292, guid: 44ee9520984bdcc4e8d674b5a3ee68cc,
        type: 3}
      propertyPath: m_LocalEulerAnglesHint.z
      value: 0
      objectReference: {fileID: 0}
    m_RemovedComponents: []
  m_SourcePrefab: {fileID: 100100000, guid: 44ee9520984bdcc4e8d674b5a3ee68cc, type: 3}
--- !u!1001 &3273181240318849429
PrefabInstance:
  m_ObjectHideFlags: 0
  serializedVersion: 2
  m_Modification:
    m_TransformParent: {fileID: 0}
    m_Modifications:
    - target: {fileID: 3273181238880756804, guid: 07c7320fd4625f9489f3134364e79534,
        type: 3}
      propertyPath: m_Name
      value: Backdrop
      objectReference: {fileID: 0}
    - target: {fileID: 3273181238880756800, guid: 07c7320fd4625f9489f3134364e79534,
        type: 3}
      propertyPath: m_LocalPosition.x
      value: 5.34
      objectReference: {fileID: 0}
    - target: {fileID: 3273181238880756800, guid: 07c7320fd4625f9489f3134364e79534,
        type: 3}
      propertyPath: m_LocalPosition.y
      value: 19.79
      objectReference: {fileID: 0}
    - target: {fileID: 3273181238880756800, guid: 07c7320fd4625f9489f3134364e79534,
        type: 3}
      propertyPath: m_LocalPosition.z
      value: 14.2
      objectReference: {fileID: 0}
    - target: {fileID: 3273181238880756800, guid: 07c7320fd4625f9489f3134364e79534,
        type: 3}
      propertyPath: m_LocalRotation.x
      value: 0
      objectReference: {fileID: 0}
    - target: {fileID: 3273181238880756800, guid: 07c7320fd4625f9489f3134364e79534,
        type: 3}
      propertyPath: m_LocalRotation.y
      value: 0
      objectReference: {fileID: 0}
    - target: {fileID: 3273181238880756800, guid: 07c7320fd4625f9489f3134364e79534,
        type: 3}
      propertyPath: m_LocalRotation.z
      value: 0
      objectReference: {fileID: 0}
    - target: {fileID: 3273181238880756800, guid: 07c7320fd4625f9489f3134364e79534,
        type: 3}
      propertyPath: m_LocalRotation.w
      value: 1
      objectReference: {fileID: 0}
    - target: {fileID: 3273181238880756800, guid: 07c7320fd4625f9489f3134364e79534,
        type: 3}
      propertyPath: m_RootOrder
      value: 6
      objectReference: {fileID: 0}
    - target: {fileID: 3273181238880756800, guid: 07c7320fd4625f9489f3134364e79534,
        type: 3}
      propertyPath: m_LocalEulerAnglesHint.x
      value: 0
      objectReference: {fileID: 0}
    - target: {fileID: 3273181238880756800, guid: 07c7320fd4625f9489f3134364e79534,
        type: 3}
      propertyPath: m_LocalEulerAnglesHint.y
      value: 0
      objectReference: {fileID: 0}
    - target: {fileID: 3273181238880756800, guid: 07c7320fd4625f9489f3134364e79534,
        type: 3}
      propertyPath: m_LocalEulerAnglesHint.z
      value: 0
      objectReference: {fileID: 0}
    m_RemovedComponents: []
  m_SourcePrefab: {fileID: 100100000, guid: 07c7320fd4625f9489f3134364e79534, type: 3}
--- !u!1001 &4117529003681657460
PrefabInstance:
  m_ObjectHideFlags: 0
  serializedVersion: 2
  m_Modification:
    m_TransformParent: {fileID: 0}
    m_Modifications:
    - target: {fileID: 4117529003228731651, guid: 291cd823eb2523b40b9dcd0790f9f186,
        type: 3}
      propertyPath: m_Name
      value: Launch Pad
      objectReference: {fileID: 0}
    - target: {fileID: 4117529003228731651, guid: 291cd823eb2523b40b9dcd0790f9f186,
        type: 3}
      propertyPath: m_TagString
      value: Friendly
      objectReference: {fileID: 0}
    - target: {fileID: 4117529003228731663, guid: 291cd823eb2523b40b9dcd0790f9f186,
        type: 3}
      propertyPath: m_LocalPosition.x
      value: -24.6
      objectReference: {fileID: 0}
    - target: {fileID: 4117529003228731663, guid: 291cd823eb2523b40b9dcd0790f9f186,
        type: 3}
      propertyPath: m_LocalPosition.y
      value: 5.2
      objectReference: {fileID: 0}
    - target: {fileID: 4117529003228731663, guid: 291cd823eb2523b40b9dcd0790f9f186,
        type: 3}
      propertyPath: m_LocalPosition.z
      value: 0
      objectReference: {fileID: 0}
    - target: {fileID: 4117529003228731663, guid: 291cd823eb2523b40b9dcd0790f9f186,
        type: 3}
      propertyPath: m_LocalRotation.x
      value: 0
      objectReference: {fileID: 0}
    - target: {fileID: 4117529003228731663, guid: 291cd823eb2523b40b9dcd0790f9f186,
        type: 3}
      propertyPath: m_LocalRotation.y
      value: 0
      objectReference: {fileID: 0}
    - target: {fileID: 4117529003228731663, guid: 291cd823eb2523b40b9dcd0790f9f186,
        type: 3}
      propertyPath: m_LocalRotation.z
      value: 0
      objectReference: {fileID: 0}
    - target: {fileID: 4117529003228731663, guid: 291cd823eb2523b40b9dcd0790f9f186,
        type: 3}
      propertyPath: m_LocalRotation.w
      value: 1
      objectReference: {fileID: 0}
    - target: {fileID: 4117529003228731663, guid: 291cd823eb2523b40b9dcd0790f9f186,
        type: 3}
      propertyPath: m_RootOrder
      value: 2
      objectReference: {fileID: 0}
    - target: {fileID: 4117529003228731663, guid: 291cd823eb2523b40b9dcd0790f9f186,
        type: 3}
      propertyPath: m_LocalEulerAnglesHint.x
      value: 0
      objectReference: {fileID: 0}
    - target: {fileID: 4117529003228731663, guid: 291cd823eb2523b40b9dcd0790f9f186,
        type: 3}
      propertyPath: m_LocalEulerAnglesHint.y
      value: 0
      objectReference: {fileID: 0}
    - target: {fileID: 4117529003228731663, guid: 291cd823eb2523b40b9dcd0790f9f186,
        type: 3}
      propertyPath: m_LocalEulerAnglesHint.z
      value: 0
      objectReference: {fileID: 0}
    - target: {fileID: 4117529003228731663, guid: 291cd823eb2523b40b9dcd0790f9f186,
        type: 3}
      propertyPath: m_LocalScale.x
      value: 10.4
      objectReference: {fileID: 0}
    - target: {fileID: 4117529003228731663, guid: 291cd823eb2523b40b9dcd0790f9f186,
        type: 3}
      propertyPath: m_LocalScale.y
      value: 2
      objectReference: {fileID: 0}
    - target: {fileID: 4117529003228731663, guid: 291cd823eb2523b40b9dcd0790f9f186,
        type: 3}
      propertyPath: m_LocalScale.z
      value: 12.62
      objectReference: {fileID: 0}
    - target: {fileID: 4117529003228731661, guid: 291cd823eb2523b40b9dcd0790f9f186,
        type: 3}
      propertyPath: m_Enabled
      value: 1
      objectReference: {fileID: 0}
    - target: {fileID: 4117529003228731661, guid: 291cd823eb2523b40b9dcd0790f9f186,
        type: 3}
      propertyPath: m_Materials.Array.data[0]
      value: 
      objectReference: {fileID: 2100000, guid: 906bb5d49c41ffb4e88c5bff9408886c, type: 2}
    m_RemovedComponents: []
  m_SourcePrefab: {fileID: 100100000, guid: 291cd823eb2523b40b9dcd0790f9f186, type: 3}
--- !u!1001 &6196561545479750789
PrefabInstance:
  m_ObjectHideFlags: 0
  serializedVersion: 2
  m_Modification:
    m_TransformParent: {fileID: 0}
    m_Modifications:
    - target: {fileID: 7843860105216800076, guid: e66b2462231b4084f8aa6cd4a00b1cef,
        type: 3}
      propertyPath: m_Name
      value: Landing Zone
      objectReference: {fileID: 0}
    - target: {fileID: 7843860105216800064, guid: e66b2462231b4084f8aa6cd4a00b1cef,
        type: 3}
      propertyPath: m_LocalPosition.x
      value: 32.4
      objectReference: {fileID: 0}
    - target: {fileID: 7843860105216800064, guid: e66b2462231b4084f8aa6cd4a00b1cef,
        type: 3}
      propertyPath: m_LocalPosition.y
      value: 0.07
      objectReference: {fileID: 0}
    - target: {fileID: 7843860105216800064, guid: e66b2462231b4084f8aa6cd4a00b1cef,
        type: 3}
      propertyPath: m_LocalPosition.z
      value: 0
      objectReference: {fileID: 0}
    - target: {fileID: 7843860105216800064, guid: e66b2462231b4084f8aa6cd4a00b1cef,
        type: 3}
      propertyPath: m_LocalRotation.x
      value: 0
      objectReference: {fileID: 0}
    - target: {fileID: 7843860105216800064, guid: e66b2462231b4084f8aa6cd4a00b1cef,
        type: 3}
      propertyPath: m_LocalRotation.y
      value: 0
      objectReference: {fileID: 0}
    - target: {fileID: 7843860105216800064, guid: e66b2462231b4084f8aa6cd4a00b1cef,
        type: 3}
      propertyPath: m_LocalRotation.z
      value: 0
      objectReference: {fileID: 0}
    - target: {fileID: 7843860105216800064, guid: e66b2462231b4084f8aa6cd4a00b1cef,
        type: 3}
      propertyPath: m_LocalRotation.w
      value: 1
      objectReference: {fileID: 0}
    - target: {fileID: 7843860105216800064, guid: e66b2462231b4084f8aa6cd4a00b1cef,
        type: 3}
      propertyPath: m_RootOrder
      value: 5
      objectReference: {fileID: 0}
    - target: {fileID: 7843860105216800064, guid: e66b2462231b4084f8aa6cd4a00b1cef,
        type: 3}
      propertyPath: m_LocalEulerAnglesHint.x
      value: 0
      objectReference: {fileID: 0}
    - target: {fileID: 7843860105216800064, guid: e66b2462231b4084f8aa6cd4a00b1cef,
        type: 3}
      propertyPath: m_LocalEulerAnglesHint.y
      value: 0
      objectReference: {fileID: 0}
    - target: {fileID: 7843860105216800064, guid: e66b2462231b4084f8aa6cd4a00b1cef,
        type: 3}
      propertyPath: m_LocalEulerAnglesHint.z
      value: 0
      objectReference: {fileID: 0}
    m_RemovedComponents: []
  m_SourcePrefab: {fileID: 100100000, guid: e66b2462231b4084f8aa6cd4a00b1cef, type: 3}
--- !u!1001 &7643435078550129526
PrefabInstance:
  m_ObjectHideFlags: 0
  serializedVersion: 2
  m_Modification:
    m_TransformParent: {fileID: 0}
    m_Modifications:
    - target: {fileID: 7643435080379352016, guid: c48e1f3f9e767ed44a5fb9fbe0e8551a,
        type: 3}
      propertyPath: m_Name
      value: Terrain
      objectReference: {fileID: 0}
    - target: {fileID: 7643435080379352016, guid: c48e1f3f9e767ed44a5fb9fbe0e8551a,
        type: 3}
      propertyPath: m_TagString
      value: Enemy
      objectReference: {fileID: 0}
    - target: {fileID: 7643435080379352028, guid: c48e1f3f9e767ed44a5fb9fbe0e8551a,
        type: 3}
      propertyPath: m_LocalPosition.x
      value: 0
      objectReference: {fileID: 0}
    - target: {fileID: 7643435080379352028, guid: c48e1f3f9e767ed44a5fb9fbe0e8551a,
        type: 3}
      propertyPath: m_LocalPosition.y
      value: -15
      objectReference: {fileID: 0}
    - target: {fileID: 7643435080379352028, guid: c48e1f3f9e767ed44a5fb9fbe0e8551a,
        type: 3}
      propertyPath: m_LocalPosition.z
      value: 0
      objectReference: {fileID: 0}
    - target: {fileID: 7643435080379352028, guid: c48e1f3f9e767ed44a5fb9fbe0e8551a,
        type: 3}
      propertyPath: m_LocalRotation.x
      value: 0
      objectReference: {fileID: 0}
    - target: {fileID: 7643435080379352028, guid: c48e1f3f9e767ed44a5fb9fbe0e8551a,
        type: 3}
      propertyPath: m_LocalRotation.y
      value: 0
      objectReference: {fileID: 0}
    - target: {fileID: 7643435080379352028, guid: c48e1f3f9e767ed44a5fb9fbe0e8551a,
        type: 3}
      propertyPath: m_LocalRotation.z
      value: 0
      objectReference: {fileID: 0}
    - target: {fileID: 7643435080379352028, guid: c48e1f3f9e767ed44a5fb9fbe0e8551a,
        type: 3}
      propertyPath: m_LocalRotation.w
      value: 1
      objectReference: {fileID: 0}
    - target: {fileID: 7643435080379352028, guid: c48e1f3f9e767ed44a5fb9fbe0e8551a,
        type: 3}
      propertyPath: m_RootOrder
      value: 3
      objectReference: {fileID: 0}
    - target: {fileID: 7643435080379352028, guid: c48e1f3f9e767ed44a5fb9fbe0e8551a,
        type: 3}
      propertyPath: m_LocalEulerAnglesHint.x
      value: 0
      objectReference: {fileID: 0}
    - target: {fileID: 7643435080379352028, guid: c48e1f3f9e767ed44a5fb9fbe0e8551a,
        type: 3}
      propertyPath: m_LocalEulerAnglesHint.y
      value: 0
      objectReference: {fileID: 0}
    - target: {fileID: 7643435080379352028, guid: c48e1f3f9e767ed44a5fb9fbe0e8551a,
        type: 3}
      propertyPath: m_LocalEulerAnglesHint.z
      value: 0
      objectReference: {fileID: 0}
    m_RemovedComponents: []
  m_SourcePrefab: {fileID: 100100000, guid: c48e1f3f9e767ed44a5fb9fbe0e8551a, type: 3}
